3334 5175
1753 366 1992 427 ..84-

850 494 1121 555 vultibus
1155 495 1253 554 illa
1284 494 1425 565 tuiS‚
1460 505 1750 569 tunquam
1775 494 2124 571 praesentis,
2157 496 2441 570 mitteret,

928 600 1133 676 Teque
1154 609 1393 661 remota
1420 599 1664 677 procul,
1705 598 1756 659 si
1785 600 1972 663 modo
2001 600 2167 674 vivit,
2201 614 2382 665 amat.

844 706 1074 784 Ecquid
1102 716 1171 767 ut
1192 705 1469 766 incubuit
1489 705 1661 782 justo
1693 722 1868 769 mens
1897 722 2064 785 aegra
2093 707 2316 781 dolori,

923 812 1100 872 Lenis
1126 813 1203 872 ab
1230 810 1541 873 admonito
1568 822 1826 889 pectore
1851 828 2107 877 somnus
2135 813 2290 878 abit?

841 921 1009 982 Tunc
1038 923 1303 982 subeunt
1326 936 1517 994 curae,
1550 920 1698 983 dum
1728 931 1788 983 te
1819 922 2140 1000 lectusque
2167 924 2474 1001 locusque

920 1027 1156 1107 Tangit,
1188 1040 1250 1090 et
1278 1028 1526 1091 oblitam
1552 1046 1678 1089 non
1699 1029 1843 1092 sinit
1871 1047 2010 1093 esse
2049 1032 2198 1094 mei?

840 1134 913 1196 Et
938 1133 1189 1196 veniunt
1216 1145 1429 1208 aestus,
1465 1144 1527 1195 et
1556 1152 1683 1197 nox
1711 1134 2008 1197 immensa
2036 1136 2306 1201 videtur?

924 1244 1225 1320 Fessaque
1244 1242 1457 1320 iactati
1482 1243 1760 1321 corporis
1784 1260 1926 1305 ossa
1955 1245 2198 1307 dolent?

842 1349 973 1409 Non
1002 1348 1282 1426 equidem
1310 1349 1547 1421 dubim,
1578 1349 1728 1425 quin
1757 1350 1890 1411 haec
1919 1360 1981 1411 et
2010 1362 2233 1413 caetera
2263 1353 2431 1424 flant,

917 1458 1150 1533 Detque
1184 1466 1325 1517 tuus
1354 1456 1504 1517 casti
1533 1446 1707 1534 signa
1735 1456 1968 1519 doloris
1997 1474 2194 1519 amor:

837 1563 957 1625 Nec
986 1564 1260 1625 cruciere
1288 1563 1511 1637 minus,
1543 1581 1728 1641 quam
1757 1581 1898 1625 cum
1926 1565 2212 1625 Thebana
2240 1578 2563 1628 cruentum

924 1673 1183 1732 Hectora
1209 1670 1559 1731 Thessalico
1588 1671 1737 1730 vidit
1761 1673 1842 1731 ub
1869 1688 1986 1731 axe
2015 1674 2168 1749 rapi.

840 1788 991 1861 Quid
1022 1799 1224 1849 tamen
1258 1787 1390 1866 ipse
1417 1802 1637 1863 precer
1664 1785 1901 1847 dubito:
1935 1802 2050 1847 nec
2081 1786 2287 1848 dicere
2316 1798 2570 1865 possum

918 1894 1235 1957 Adiectum
1264 1908 1448 1969 quem
1472 1902 1539 1952 te
1564 1890 1786 1953 mentis
1815 1892 2042 1953 habere
2070 1892 2272 1953 velim.

841 1998 1050 2061 Tristis
1076 1998 1170 2059 es?
1196 1998 1503 2076 indignor,
1532 1998 1702 2074 quod
1730 1996 1842 2057 sim
1867 1996 1978 2059 tibi
2005 2014 2190 2061 eausa
2217 1999 2470 2063 doloris:

922 2106 1054 2167 Non
1083 2104 1179 2165 es?
1204 2113 1273 2164 ut
1300 2097 1523 2163 a'misso
1552 2100 1819 2181 conjuge
1845 2102 2032 2181 digua
2061 2103 2248 2165 fores,

823 2189 929 2274 ⁸Tu
956 2229 1102 2273 vero
1130 2221 1233 2272 tua
1264 2212 1483 2272 damna
1508 2208 1676 2279 dole,
1707 2206 2020 2269 mitissima
2049 2210 2304 2285 conjux,

923 2319 1186 2395 Tempus
1213 2325 1275 2377 et
1296 2331 1336 2375 a
1362 2311 1589 2375 nostris
1612 2312 1791 2391 exige
1819 2312 1994 2375 triste
2021 2313 2218 2377 malis:

842 2420 1065 2501 Fleque
1094 2438 1263 2483 meos
1288 2437 1490 2482 casus:
1520 2430 1616 2481 est
1642 2420 1925 2497 quaedam
1953 2421 2102 2481 flere
2128 2421 2435 2498 voluptas:

921 2526 1521 2610 &pietur-iacrymis
1546 2526 1940 2608 egeriturque
1971 2528 2176 2590 dolor.

842 2641 1037 2716 Atque
1055 2635 1287 2698 utinam
1313 2637 1577 2715 lugenda
1603 2633 1714 2696 tibi
1741 2651 1866 2696 non
1895 2635 2038 2709 vita,
2069 2638 2182 2698 sed
2205 2649 2376 2698 esset

922 2750 1085 2809 Mors
1105 2764 1260 2821 nie-‘13
1291 2756 1490 2807 mone
1515 2745 1681 2806 sores
1709 2746 1842 2806 sola
1869 2744 2082 2806 relicui
2111 2748 2268 2807 mea!

836 2857 1093 2936 Spiritus
1118 2856 1217 2918 hic
1242 2873 1354 2935 per
1380 2866 1443 2916 te
1470 2854 1698 2933 patrias
1725 2853 1956 2916 exisset
1983 2854 2046 2914 in
2075 2871 2280 2917 auras:

915 2966 1291 3045 sparsissent
1310 2967 1598 3042 lacrymae
1624 2973 1880 3042 pectora
1903 2974 2116 3026 nostra
2143 2963 2287 3041 piae:

834 3075 1256 3152 supremoque
1280 3069 1377 3132 die
1403 3080 1619 3130 notum
1650 3069 1994 3148 spectantia
2023 3069 2252 3135 coelum

917 3177 1233 3241 'rexissent
1260 3176 1431 3256 digiti
1459 3175 1689 3238 lumina
1708 3187 1927 3238 nostra
1955 3175 2070 3237 tui!

837 3289 908 3350 Et
936 3283 1087 3348 cinis
1112 3284 1174 3343 in
1204 3285 1438 3346 tumulo
1466 3283 1702 3360 positus
1723 3281 2021 3357 jacuisset
2047 3281 2231 3354 avite,

916 3397 1219 3469 Tectaque
1238 3389 1513 3450 nascenti
1542 3405 1772 3465 corpus
1800 3389 2058 3450 haberet
2087 3391 2334 3452 humus!

833 3506 1101 3582 Denique
1126 3514 1209 3576 et,
1240 3512 1308 3563 ut
1332 3499 1476 3574 vixi,
1510 3500 1641 3562 sine
1669 3499 1922 3562 crimine
1955 3511 2238 3564 mortuus
2267 3507 2502 3566 essem!

916 3613 1085 3674 Nunc
1112 3625 1247 3670 mea
1275 3609 1576 3689 supplicio
1604 3609 1726 3671 vita
1755 3609 2044 3688 pudenda
2073 3625 2188 3672 suo
2219 3622 2335 3672 est.

834 3725 927 3784 Me
960 3720 1273 3794 miserum,
1300 3719 1353 3781 si
1380 3730 1469 3791 tu,
1503 3735 1694 3796 quum
1721 3718 1945 3780 diceris
1975 3720 2205 3781 exsulis
2237 3737 2424 3796 uxor,
