3334 5175
1281 363 1522 420 ...69-

445 491 591 553 Nam
625 490 858 552 volucri
886 489 1050 549 ferro
1077 486 1310 549 tinctile
1336 487 1504 547 virus
1531 488 1715 549 inest.

363 602 511 671 Quae
537 609 850 678 nequeunt
877 614 1090 661 secum
1123 597 1286 659 ferre
1312 606 1418 657 aut
1443 597 1778 671 abducere,
1810 602 2102 676 perdunt;

448 707 523 767 Et
549 714 781 767 cremat
811 703 1088 765 insontes
1117 701 1354 765 hostica
1379 702 1622 763 flemma
1647 718 1847 764 casas.

365 814 520 873 Tum
544 826 814 889 quoque,
846 824 1042 887 quum
1067 824 1192 887 pax
1225 817 1340 881 est,
1368 807 1679 885 trepidant
1713 808 2038 873 formidine
2066 814 2235 874 belli:

307 894 320 905 ’
448 916 572 977 Nec
599 914 926 992 quisquam
952 930 1170 993 presso
1199 928 1448 977 vomere
1479 912 1679 975 sulcat
1714 914 2002 977 humum.

361 1022 484 1083 Aut
510 1020 692 1094 videt,
729 1030 836 1082 aut
865 1020 1084 1082 metuit
1113 1020 1288 1082 locus
1313 1017 1436 1092 hic,
1480 1035 1665 1097 quem
1694 1036 1821 1081 non
1850 1020 2039 1095 videt,
2070 1024 2337 1085 hostem.

447 1126 656 1187 Cessat
678 1126 846 1187 iners
873 1124 1072 1205 rigido
1105 1135 1270 1187 terra
1296 1123 1510 1187 relicta
1541 1124 1685 1186 situ.

371 1232 502 1293 Non
528 1232 628 1293 hic
653 1230 978 1310 pampinea
1003 1230 1200 1293 duleis
1227 1231 1376 1293 latet
1403 1246 1520 1293 uva
1549 1232 1666 1295 suh
1696 1232 1940 1305 umbi-23

454 1341 576 1401 Neo
603 1340 918 1401 cumulant
949 1340 1108 1401 altos
1141 1339 1372 1403 fervida
1403 1350 1608 1403 musta
1636 1342 1831 1403 lacus,

371 1448 556 1508 Poma
594 1455 778 1525 negat
801 1444 994 1523 regio:
1029 1462 1148 1509 nee
1184 1448 1440 1509 haberet
1463 1426 1756 1510 Aeontius
1790 1448 1853 1509 in
1884 1466 2007 1526 quo

459 1550 765 1611 Scriberet
793 1548 894 1609 hie
919 1547 1186 1610 dominae
1217 1550 1402 1611 verba
1430 1538 1691 1628 legerida
1720 1569 1873 1611 suae.

375 1654 660 1733 Asplcere
685 1664 782 1717 est
813 1654 1016 1717 nudos
1047 1652 1180 1715 sine
1203 1654 1446 1726 fronde,
1483 1653 1614 1715 sine
1639 1656 1865 1717 arbore
1890 1672 2167 1735 campos:

457 1762 604 1825 Heu!
635 1764 774 1824 loca
799 1762 960 1823 felici
985 1779 1112 1824 non
1135 1761 1416 1825 adeunda
1443 1762 1601 1823 viro!

380 1868 543 1947 Ergo
568 1878 696 1929 tam
723 1868 844 1930 late
869 1877 1077 1945 pateat
1113 1882 1304 1946 quum
1331 1866 1638 1929 maximus
1659 1868 1855 1941 orbis,

459 1974 600 2035 Haec
635 1984 732 2036 est
757 1975 820 2035 in
847 1991 1098 2054 poenam
1127 1985 1292 2038 terra
1321 1985 1568 2055 reperta
1609 1975 1839 2037 meam?

999 2192 1364 2247 Elamu
1387 2192 1532 2245 xl·

371 2404 438 2465 Si
465 2405 602 2482 quis
631 2420 721 2477 es,
753 2403 1008 2465 insultes
1033 2403 1138 2481 qui
1165 2403 1432 2476 casibus,
1457 2400 1761 2481 improbe,
1789 2406 2041 2479 nostris,

460 2512 676 2591 Meque
712 2527 886 2573 reum
921 2512 1174 2592 dempto
1201 2511 1326 2571 fine
1347 2521 1640 2574 eruentus
1669 2528 1840 2592 agas3

374 2622 562 2682 Natus
589 2637 658 2682 es
685 2638 721 2682 e
748 2620 1042 2699 scopulis,
1081 2620 1350 2684 nutritus
1386 2621 1547 2682 lacte
1579 2620 1804 2694 fet-inm

467 2725 543 2786 Et
567 2725 770 2787 dicam
793 2725 1000 2787 silices
1027 2735 1246 2805 pectus
1272 2726 1500 2786 habere
1527 2735 1723 2784 tuum.

378 2834 522 2908 Quis
548 2834 778 2912 gradus
803 2833 1082 2907 ulterior,
1115 2848 1240 2910 quo
1267 2847 1336 2894 se
1363 2842 1469 2892 tua
1498 2831 1775 2910 porrigat
1800 2832 1913 2904 ira,

459 2945 700 3006 Restat?
725 2943 946 3021 quidve
972 2943 1122 3005 meis
1151 2941 1354 3004 cernis
1382 2941 1600 3002 abesse
1629 2941 1835 3002 malis?

379 3051 644 3112 Barbara
669 3065 767 3110 me
793 3050 999 3121 telum,
1031 3059 1096 3108 et
1120 3046 1428 3125 inhospita
1453 3044 1662 3107 littora
1688 3046 1889 3118 Ponti,

467 3155 741 3232 Cumque
773 3170 890 3216 suo
916 3155 1109 3214 Borea
1147 3150 1416 3211 Maenalis
1443 3166 1590 3211 ursa
1617 3150 1804 3210 videt.

380 3261 554 3322 Nulla
582 3260 732 3322 mihi
761 3276 903 3321 eum
931 3267 1116 3338 gente
1141 3257 1272 3319 fera
1301 3255 1671 3320 commercia
1698 3254 1949 3334 linguae:

473 3369 682 3432 Omnia
711 3369 956 3432 solliciti
983 3379 1130 3431 sunt
1155 3369 1296 3430 loca
1322 3368 1506 3446 plena
1531 3375 1758 3428 metus.

387 3482 586 3558 thue
613 3479 801 3558 fugax
828 3477 1018 3541 avidis
1045 3494 1266 3539 cervus
1288 3478 1634 3554 deprensus
1661 3477 1741 3535 ab
1762 3475 1944 3548 ursiS,

473 3586 756 3648 Cinctave
785 3584 1092 3650 montanis
1117 3593 1189 3644 ut
1217 3591 1397 3661 pavet
1423 3597 1582 3660 agna
1607 3581 1792 3659 lupis3

385 3694 484 3755 Sic
511 3712 650 3774 ego,
679 3694 990 3775 belligeris
1015 3711 1053 3755 a
1079 3691 1366 3772 gentihus
1394 3689 1665 3767 undique
1695 3700 1933 3768 septus,
2179 3779 2223 3847 9
