3334 5175
1327 362 1567 421 ...95-

497 492 798 569 Tempora
827 490 878 551 si
907 490 1134 551 fuerint
1162 490 1393 564 nubila,
1427 492 1598 554 solus
1627 492 1771 555 eris.

415 598 720 677 Adspicis,
749 609 820 658 ut
848 596 1094 659 veniant
1122 598 1201 658 ad
1231 598 1492 661 candida
1519 609 1683 661 tecta
1722 600 2049 675 columbae,

498 704 768 782 Accipiat
793 704 995 765 nullas
1023 702 1270 765 sordida
1297 704 1488 765 turris
1523 722 1689 766 aves.

415 810 643 873 Horrea
674 810 946 871 formicae
971 810 1236 871 tendunt
1261 811 1340 871 ad
1361 810 1562 872 inania
1589 826 1927 889 nunquam:

498 918 707 978 Nullus
733 918 813 977 ad
845 915 1100 977 amissas
1127 916 1238 977 ibit
1263 916 1498 977 amicus
1537 932 1716 995 opes.

417 1024 612 1101 thue
639 1039 852 1084 comes
877 1022 1086 1085 radios
1111 1038 1224 1100 per
1251 1022 1400 1085 solis
1429 1022 1716 1087 euntibus
1742 1026 1985 1097 umbra,

501 1129 696 1201 Quum
724 1129 872 1189 latet
910 1127 1010 1189 hic
1039 1144 1292 1206 pressus
1322 1128 1610 1202 nubibuS,
1645 1128 1749 1189 illa
1782 1128 1961 1209 fugin

387 1284 402 1291 -
419 1235 636 1297 Mobile
661 1234 752 1296 sic
780 1234 1056 1311 sequitur
1083 1234 1350 1296 fortunae
1377 1235 1610 1297 lumina
1645 1236 1892 1315 vulgus3

501 1340 648 1412 Quae
680 1340 860 1401 simul
887 1338 1138 1401 inducta
1167 1340 1334 1401 nube
1361 1350 1679 1419 teguntur,
1710 1341 1856 1401 abit.

422 1452 562 1513 Haec
587 1468 812 1531 precor
838 1462 908 1513 ut
935 1450 1178 1529 possint
1205 1468 1452 1530 semper
1482 1450 1592 1513 tibi
1633 1452 1785 1513 falsa
1817 1452 2030 1515 videri:

503 1563 658 1623 Sunt
689 1573 894 1623 tamen
925 1572 1146 1623 eventu
1187 1576 1332 1623 vera
1365 1560 1610 1624 fatenda
1642 1578 1802 1623 meo.

425 1672 580 1733 Dum
607 1670 906 1744 stetimus,
937 1670 1138 1731 turbae
1165 1680 1462 1748 quantum
1493 1671 1641 1733 satis
1674 1682 1859 1744 esset,
1887 1671 2150 1734 hahebat

505 1778 656 1839 Nota
690 1777 960 1855 quidem,
991 1778 1100 1839 sed
1135 1794 1260 1839 non
1295 1778 1614 1839 ambitiosa
1647 1778 1891 1839 domus.

425 1887 499 1947 At
534 1886 714 1946 simul
747 1884 1008 1964 impulsa
1047 1896 1164 1959 est,
1205 1902 1420 1946 omnes
1451 1885 1713 1947 timuere
1745 1886 2007 1958 ruinam,

509 1992 820 2071 Cautaque
854 1992 1164 2055 communi
1194 2003 1368 2071 terga
1399 1994 1630 2054 dedere
1655 1992 1839 2071 fugae.

427 2104 596 2163 Saeva
631 2120 745 2163 nec
779 2102 1048 2163 admiror
1087 2112 1368 2163 metuunt
1405 2102 1456 2161 si
1483 2101 1760 2173 fulmina,
1798 2118 2064 2178 quorum

508 2210 756 2290 Ignibus
789 2209 998 2271 adflari
1031 2210 1311 2288 proxima
1337 2224 1602 2285 quaeque
1633 2207 1861 2269 vident.

429 2319 548 2379 Sed
583 2328 790 2379 tamen
823 2317 886 2377 in
924 2316 1094 2378 duris
1121 2325 1542 2377 remanentem
1579 2317 1766 2377 rebus
1792 2316 2057 2377 amicum

512 2422 858 2495 Quamlibet
880 2422 1075 2484 inviso
1108 2422 1312 2483 Caesar
1343 2420 1406 2481 in
1436 2422 1614 2483 hoste
1640 2422 1886 2501 probat3

429 2530 548 2592 Nec
575 2530 734 2592 solet
767 2527 971 2602 irasci,
1005 2544 1208 2607 neque
1239 2526 1402 2590 enim
1429 2527 1807 2590 moderatior
1834 2528 2013 2601 alter,

513 2637 710 2708 Quum
745 2635 882 2714 quis
909 2635 972 2695 iu
1010 2634 1304 2708 adversiS,
1341 2634 1394 2696 si
1435 2633 1581 2712 quid
1617 2633 1859 2708 amavit,
1892 2646 2074 2695 amat.

431 2744 515 2804 De
543 2743 772 2804 comite
800 2740 1150 2820 Argolicum
1181 2751 1509 2820 postquam
1539 2741 1835 2819 cognovit
1858 2739 2133 2812 Oresten,

509 2851 805 2912 Narratur
839 2851 1106 2928 Pyladen
1136 2849 1270 2928 ipse
1299 2850 1598 2926 probasse
1635 2849 1859 2910 Thoas,

443 2957 588 3028 Quae
621 2957 734 3018 suit
761 2957 1066 3018 Actoridae
1093 2973 1232 3018 cum
1265 2973 1488 3034 magno
1521 2973 1768 3034 semper
1803 2953 2053 3026 Achille,

517 3063 780 3124 Laudari
819 3063 1002 3124 solita
1030 3073 1126 3124 est
1153 3063 1432 3123 Hectoris
1460 3079 1570 3122 ore
1597 3062 1771 3122 fides.

439 3171 613 3240 Quod
651 3171 798 3248 pius
827 3172 906 3232 ad
936 3171 1150 3230 Manes
1177 3169 1448 3228 Theseus
1487 3183 1699 3227 comes
1728 3167 1877 3227 isset
1904 3166 2118 3236 amic0,

523 3279 882 3339 Tartareum
923 3277 1140 3338 dicunt
1183 3273 1520 3336 indoluisse
1541 3273 1748 3335 deum.

430 3387 676 3464 Euryali
717 3387 968 3464 Nisique
1009 3387 1130 3446 fide
1158 3385 1290 3458 tibi,
1335 3386 1560 3456 Turne,
1595 3385 1807 3454 relata,

515 3495 812 3556 Credibile
841 3505 936 3556 est
964 3494 1250 3572 lacrymis
1287 3493 1683 3553 immaduisse
1721 3507 1933 3568 genas.

433 3601 539 3660 Est
562 3601 742 3662 etiam
769 3601 1006 3662 miseris
1035 3602 1260 3678 pietaS,
1291 3611 1352 3661 et
1381 3599 1443 3658 in
1474 3600 1654 3660 hoste
1689 3595 2013 3674 probatur.

519 3711 668 3768 Heu!
709 3711 848 3768 mihi
898 3729 1076 3786 quam
1127 3727 1358 3788 paucos
1389 3711 1522 3769 haec
1552 3725 1685 3768 mea
1722 3707 1882 3769 dicta
1907 3705 2177 3766 movent!
