3334 5175
1779 385 2023 449 -52-

873 523 959 583 Tu
989 538 1255 599 quoque,
1291 536 1431 579 cum
1463 516 1679 595 patriae
1708 526 1917 577 rector
1956 514 2163 577 dicare
2188 523 2515 593 paterque,

955 628 1136 689 Utere
1165 642 1338 687 more
1351 624 1450 685 dei
1479 640 1727 685 nomem
1754 622 2039 685 habentis
2062 622 2247 684 idem.

882 733 1071 809 quue
1088 730 1260 791 facis:
1294 746 1408 789 nec
1438 740 1501 789 te
1526 727 1850 806 quisquam
1870 726 2263 791 moderatius
2289 742 2563 805 unquam

954 840 1196 919 Imperii
1225 839 1423 918 potuit
1444 839 1634 908 fraena
1653 846 1867 899 tenere
1888 836 2004 897 sui.

872 951 963 1011 Tu
991 949 1228 1011 veniam
1255 946 1414 1026 parti
1435 957 1742 1025 superatae
1758 962 1927 1024 saepe
1956 945 2203 1019 dedisti,

961 1058 1094 1117 Non
1123 1073 1538 1117 concessurus
1568 1071 1755 1131 quam
1780 1054 1890 1114 tibi
1918 1054 2115 1114 victor
2135 1063 2288 1115 erat.

873 1166 1100 1227 Divitiis
1130 1164 1310 1225 etiam
1332 1166 1558 1225 multos
1578 1175 1639 1225 et
1658 1161 1999 1224 honoribus
2018 1172 2236 1224 auctos
2284 1222 2287 1226 ,

957 1271 1111 1342 Vidi,
1145 1269 1250 1347 qui
1277 1270 1544 1330 tulerant
1571 1267 1634 1328 in
1663 1279 1851 1347 caput
1878 1285 2049 1329 arma
2078 1278 2279 1333 tuumx

877 1376 1150 1453 Quaeque
1173 1375 1303 1437 dies
1323 1376 1575 1447 bellum,
1599 1373 1746 1435 belli
1776 1373 1883 1434 tihi
1912 1373 2161 1435 sustulit
2181 1372 2371 1434 iram:

959 1483 1227 1558 Parsque
1255 1480 1434 1543 simul
1454 1478 1701 1557 templis
1726 1489 1987 1555 utraque
2014 1480 2179 1540 dona
2206 1478 2367 1540 tulit.

881 1589 1078 1665 thue
1099 1598 1240 1649 tuus
1261 1590 1486 1665 gaudet
1511 1587 1689 1649 miles
1708 1587 1876 1663 quod
1904 1586 2119 1647 vicerit
2139 1588 2405 1659 hostem,

962 1693 1083 1765 Sic,
1110 1692 1342 1753 victum
1359 1709 1472 1751 cur
1499 1709 1568 1753 se
1599 1692 1887 1769 gaudeat,
1922 1691 2119 1753 hostIs
2138 1692 2345 1754 habet.

881 1799 1073 1859 Causa
1101 1813 1237 1858 mea
1264 1807 1360 1859 est
1388 1797 1628 1859 melior:
1659 1798 1789 1874 qui,
1820 1813 1935 1858 nec
1970 1797 2279 1859 contraria
2298 1796 2475 1859 dicor

965 1905 1170 1974 Arma,
1203 1920 1318 1964 nec
1347 1901 1600 1965 hostiles
1627 1919 1767 1967 esse
1794 1914 2045 1965 secutus
2072 1919 2247 1980 opes.

881 2014 1000 2072 Per
1027 2027 1218 2084 mare,
1251 2027 1364 2087 per
1395 2021 1611 2083 terraS,
1635 2026 1749 2088 per
1766 2010 1947 2073 tertia
1973 2010 2223 2071 numina
2243 2010 2414 2087 juro,

969 2118 1084 2177 Per
1105 2127 1164 2177 te
1191 2127 1559 2195 praesentem
1587 2117 2112 2194 conspicuumque
2134 2117 2341 2189 deum,

882 2224 1055 2282 Hunc
1089 2222 1357 2283 animum
1379 2221 1601 2282 favisse
1632 2222 1761 2293 tibi,
1795 2222 1887 2283 vir
1914 2221 2200 2294 maxime;
2232 2236 2453 2299 meque

978 2330 1104 2402 Qua
1138 2330 1270 2390 sola
1297 2329 1496 2407 potui,
1529 2340 1739 2391 mente
1765 2328 1952 2391 fuisse
1971 2340 2167 2393 tuum.

891 2434 1108 2513 Optavi
1136 2446 1380 2512 peteres
1411 2434 1687 2498 coelestia
1716 2434 1917 2497 sidera
1943 2436 2141 2507 tarde,

971 2544 1240 2620 Parsque
1270 2542 1386 2606 fnit
1407 2543 1606 2604 turbae
1627 2558 1815 2620 parva
1845 2544 2153 2620 precantis
2181 2544 2363 2608 idem.

899 2648 974 2709 Et
1011 2647 1110 2726 pia
1138 2659 1274 2708 tura
1303 2647 1445 2708 dedi
1468 2665 1582 2724 pro
1617 2658 1703 2708 te:
1729 2663 1995 2724 cumque
2020 2649 2305 2716 omnibus
2331 2667 2493 2716 unus

973 2755 1108 2832 Ipse
1136 2770 1384 2830 quoque
1415 2751 1620 2830 adiuvi
1651 2751 1897 2830 publica
1924 2763 2064 2816 vota
2098 2754 2270 2818 meis.

831 2879 840 2888 ·
888 2859 1040 2932 Quid
1063 2859 1326 2918 referam
1349 2858 1541 2918 libros
1577 2857 1720 2923 illos
1754 2875 2026 2934 quoque,
2061 2858 2314 2924 crimina
2341 2870 2575 2932 nostra.

971 2967 1133 3028 Mille
1163 2966 1315 3027 locis
1345 2967 1563 3044 plenos
1593 2966 1859 3028 nominis
1880 2983 2019 3028 esse
2046 2967 2161 3028 tui?

891 3073 1127 3150 Inspice
1156 3074 1354 3149 majus
1381 3089 1558 3150 opuS,
1597 3073 1766 3149 quod
1794 3073 1994 3136 adhuc
2022 3073 2155 3136 sine
2184 3073 2305 3136 flue
2331 3073 2577 3151 reliqui,

974 3181 1040 3240 In
1059 3197 1185 3240 non
1214 3181 1559 3242 credendos
1587 3196 1854 3257 corpora
1879 3198 2057 3242 versa
2080 3183 2323 3254 modos

894 3288 1168 3350 Invenies
1199 3287 1386 3348 vestri
1417 3288 1731 3364 praeconia
1762 3288 2027 3350 nominis
2054 3289 2201 3348 illic:

978 3392 1252 3453 Invenies
1287 3390 1471 3451 animi
1497 3390 1761 3468 pignora
1789 3392 1978 3453 multa
2017 3391 2156 3452 mei.

897 3499 1028 3558 Non
1058 3511 1162 3560 tua
1192 3499 1562 3560 carminibus
1591 3501 1789 3576 major
1820 3500 1884 3560 fit
1914 3501 2132 3579 gloria,
2175 3519 2291 3564 nec
2312 3518 2459 3581 quc,

979 3607 1056 3666 Ut
1083 3606 1280 3682 major
1309 3607 1432 3678 fiat,
1461 3624 1749 3670 crescere
1777 3609 1999 3686 possit,
2034 3611 2236 3674 habet.

901 3712 1080 3772 Fama
1109 3711 1272 3772 Iovis
1309 3724 1615 3788 superest.
1649 3715 1873 3777 Tamen
1904 3715 2066 3778 hunc
2085 3734 2194 3778 sua
2218 3717 2375 3780 lacta
2396 3716 2639 3791 referri,
