3334 5175
285 3823 350 3849 *⁸⁴¹
405 3837 565 3869 h'ffi’

1721 399 1967 458 -35...

798 532 907 590 Dat
935 527 1042 589 tibi
1071 538 1282 588 nostra
1309 529 1516 587 locum
1555 527 1711 588 tituli
1742 528 2010 598 fortuua3
2052 538 2365 605 caputque

884 633 1294 711 conspicuum
1323 634 1518 712 pietas
1553 651 1675 711 qua
1706 644 1810 695 tua
1846 635 2019 695 tollat
2052 635 2262 695 habet.-

801 742 981 801 Utere
1010 739 1412 817 temporibus,
1445 757 1713 817 quorum
1753 757 1917 801 nunc
1955 756 2210 801 munere
2250 740 2406 801 freta
2440 757 2536 799 es:

883 847 994 908 En!
1034 857 1202 925 patet
1236 846 1298 906 in
1327 847 1540 909 laudes
1575 864 1719 921 area
1748 847 1868 907 lata
1901 857 2059 907 tuas.

1441 1074 1803 1130 EIAEGIA
1844 1072 1981 1129 lv,

795 1286 844 1347 Ο
869 1286 994 1366 qui,
1037 1285 1387 1347 nominibus
1417 1304 1608 1365 quum
1651 1287 1735 1349 sis
1765 1304 2106 1366 generosus
2142 1284 2343 1359 avitis,

883 1395 1230 1471 Exsuperas
1259 1410 1502 1453 morum
1531 1393 1850 1455 nobilitate
1882 1411 2103 1472 genus3

799 1505 984 1581 Cujus
1016 1501 1177 1564 inest
1204 1503 1406 1564 animo
1427 1503 1607 1581 patrii
1635 1503 1923 1565 candoris
1951 1503 2185 1581 imagO,

877 1613 1010 1672 Non
1045 1622 1250 1672 careat
1280 1611 1485 1673 nervis
1511 1613 1745 1672 candor
1780 1622 1849 1672 ut
1885 1611 2001 1673 iste
2031 1610 2181 1682 suis;

795 1724 980 1801 Cujus
1013 1722 1076 1781 in
1103 1721 1348 1799 ingenio
1396 1721 1612 1798 patriae
1639 1721 1924 1783 facundia
1954 1721 2183 1801 linguae
2212 1731 2339 1793 est,

881 1832 1008 1903 Qua
1040 1829 1211 1908 prior
1240 1829 1303 1889 in
1335 1830 1502 1890 Latio
1534 1847 1660 1890 non
1693 1830 1805 1890 fuit
1834 1831 1957 1891 ulla
1986 1830 2150 1902 foro;

796 1941 970 2011 Quod
998 1939 1243 1999 minime
1271 1937 1458 2012 volui,
1495 1938 1714 2016 positis
1744 1956 1861 2016 pro
1895 1938 2149 1999 nomine
2178 1938 2371 2016 signis

879 2046 1086 2107 Dictus
1115 2062 1203 2118 es;
1245 2045 1528 2123 ignoscas
1567 2044 1851 2107 laudibus
1882 2045 1997 2106 ista
2033 2045 2179 2106 tuis.

797 2152 886 2213 Nil
916 2168 1032 2230 ego
1062 2150 1332 2230 peccavi:
1367 2160 1470 2211 tua
1501 2161 1560 2211 te
1594 2152 1759 2212 bona
1784 2150 2032 2229 cognita
2053 2152 2350 2228 produnt.

877 2260 960 2333 Si,
1000 2262 1168 2337 quod
1195 2278 1285 2332 eS,
1313 2276 1595 2338 appareS,
1635 2262 1820 2338 culpa
1844 2262 2043 2321 soluta
2076 2277 2209 2321 mea
2240 2271 2356 2321 est.

796 2370 916 2431 Nec
944 2382 1148 2431 tamen
1171 2370 1437 2431 officium
1466 2381 1682 2431 nostro
1712 2370 1819 2432 tibi
1848 2371 2117 2432 carmine
2141 2372 2397 2442 factum,

880 2475 1158 2554 Principe
1187 2486 1310 2536 tam
1333 2477 1504 2553 justo
1535 2493 1719 2553 posse
1749 2493 1976 2537 nocere
2004 2487 2179 2555 puta.

800 2591 936 2660 lpse
965 2592 1140 2658 pater
1169 2581 1406 2658 patriae,
1441 2580 1589 2659 quid
1619 2581 1782 2640 enim
1818 2581 2053 2644 civilius
2086 2582 2221 2644 iilo?

881 2685 1153 2747 Sustinet
1192 2685 1252 2744 in
1298 2696 1513 2746 nostro
1545 2686 1815 2747 carmine
1850 2704 2016 2765 saepe
2047 2689 2193 2766 legi:

801 2795 924 2856 Nec
952 2793 1281 2872 prohibere
1315 2805 1541 2872 potest,
1577 2794 1719 2871 quia
1746 2813 1847 2856 res
1875 2808 1969 2858 est
2000 2796 2267 2875 publica,
2306 2799 2539 2859 Caesar:

886 2903 960 2962 Et
997 2902 1073 2962 de
1101 2901 1412 2962 communi
1439 2919 1583 2980 pars
1611 2919 1860 2979 quoque
1888 2915 2100 2966 nostra
2134 2905 2308 2965 bono·
2340 2914 2461 2964 estr

801 3005 1080 3086 luppiter
1107 3005 1366 3084 ingeniis
1396 3008 1634 3084 praebet
1669 3025 1780 3068 sua
1822 3009 2070 3071 numina
2100 3021 2330 3085 vatum,

883 3115 1083 3191 Seque
1113 3114 1412 3175 celebrari
1447 3115 1724 3191 quolibet
1754 3133 1862 3176 ore
1886 3117 2049 3179 sinit.

802 3226 993 3286 Causa
1026 3235 1127 3286 tua
1161 3226 1445 3302 exemplo
1480 3226 1859 3302 superorum
1899 3238 2027 3288 tuta
2062 3229 2325 3291 duorum
2360 3243 2479 3294 est:

880 3332 1150 3403 Quorum
1184 3331 1283 3391 hic
1307 3330 1708 3408 conspicitur,
1743 3332 2017 3392 creditur
2050 3333 2152 3394 ille
2188 3337 2364 3398 deus.

801 3440 876 3500 Ut
905 3457 1031 3500 non
1061 3438 1400 3510 debuerim,
1434 3448 1639 3499 tamen
1673 3441 1791 3500 hoc
1822 3459 1939 3519 ego
1976 3443 2207 3506 crimen
2236 3448 2480 3506 amabo:

881 3544 1013 3603 Non
1056 3543 1171 3603 fuit
1198 3542 1430 3603 arbitrii
1460 3543 1662 3605 littera
1694 3558 1907 3608 nostra
1942 3549 2048 3610 tui.

795 3651 922 3712 Noc
953 3667 1132 3722 nova,
1177 3653 1342 3726 quod
1386 3662 1590 3716 tecum
1625 3655 1870 3732 loquor,
1904 3667 1999 3717 est
2040 3657 2263 3735 injuria
2306 3670 2545 3732 nostra-;

871 3755 1198 3818 Incolumis
1233 3775 1374 3820 cum
1405 3777 1527 3836 quo
1556 3777 1723 3840 saepe
1754 3764 1999 3826 locutus
2032 3780 2221 3824 eram.
