3334 5175
1287 366 1528 425 ..Μ-.-

372 492 462 553 An
491 492 654 555 Jovis
684 492 842 564 haee,
875 490 1022 565 dixi,
1057 494 1279 555 domus
1313 495 1436 556 est?
1463 497 1630 572 quod
1661 506 1730 556 ut
1758 512 1895 558 esse
1922 508 2229 574 putarem,

460 599 801 679 Augurium
829 600 1020 661 menti
1047 618 1284 678 querna
1313 620 1544 665 corona
1574 604 1781 666 dabat.
1830 566 2248 715 'ww

381 707 572 783 Cujus
601 717 670 767 ut
699 706 911 785 accepi
940 707 1282 770 dominum:
1313 710 1448 771 Non
1475 709 1765 783 fallimur,
1800 711 2070 788 inquam:

465 814 540 875 Et
567 812 772 891 magni
825 828 1042 873 verum
1073 823 1169 875 est
1203 815 1361 875 hanc
1389 815 1554 875 Jovis
1581 832 1721 876 esse
1748 816 2021 877 domum.

378 920 500 980 Cur
522 930 724 981 tamen
751 920 1032 999 adposita
1059 922 1292 983 velatur
1311 924 1502 999 janua
1531 924 1731 995 laur-0,

460 1025 658 1103 Cingit
687 1034 750 1087 et
775 1035 1068 1105 augustas
1095 1028 1282 1088 arbor
1309 1044 1506 1106 opaca
1533 1027 1734 1088 fores?

382 1131 474 1192 An
490 1132 634 1209 quia
658 1142 994 1210 perpetuos
1019 1133 1244 1195 meruit
1269 1135 1490 1195 domus
1517 1133 1634 1195 ista
1665 1132 2044 1211 triumphos?

466 1238 556 1299 An
581 1237 724 1315 quia
752 1238 1054 1300 Leucadio
1077 1255 1326 1317 semper
1352 1248 1554 1301 amata
1583 1238 1734 1301 dec?

383 1346 596 1423 ipsane
623 1346 791 1423 quod
816 1345 970 1405 festa
992 1356 1109 1419 est,
1139 1362 1218 1407 an
1247 1347 1414 1423 quod
1445 1345 1590 1407 facit
1619 1345 1823 1407 omnia
1860 1345 2043 1407 festa?

471 1452 660 1522 Quam
687 1451 898 1513 tribuit
929 1451 1134 1524 terris,
1167 1452 1342 1530 pacis
1377 1468 1458 1513 an
1488 1451 1606 1513 ista
1635 1461 1783 1512 nota
1820 1451 1949 1512 est?
1972 1386 2301 1521 W!

389 1560 588 1638 thue
611 1560 765 1621 viret
795 1576 1040 1640 semper
1088 1562 1322 1634 laurus»,
1355 1576 1472 1622 nec
1502 1560 1725 1621 fronde
1758 1560 1993 1620 caduca

476 1667 775 1746 Carpitur,
811 1677 1112 1729 aeternum
1137 1667 1226 1729 sic
1257 1668 1443 1728 habet
1476 1667 1578 1727 illa
1619 1666 1840 1728 decus?

394 1776 706 1854 Causaque
732 1776 1070 1854 suppositae
1099 1776 1334 1853 scripto
1362 1785 1588 1837 testata
1617 1790 1871 1835 corona}

477 1886 754 1947 Servatus
777 1884 940 1946 cives
969 1884 1197 1945 indicat
1225 1883 1410 1961 hujus
1439 1900 1580 1962 ope.

401 1992 610 2071 Adjice
637 1992 892 2055 servatis
921 2009 1135 2065 unum,
1169 2002 1346 2070 pater
1374 1992 1626 2071 optime,
1661 1992 1883 2064 civem,

427 2116 433 2122 ·
479 2098 590 2172 Qui
616 2100 837 2177 procul
859 2109 1138 2160 extremo
1171 2098 1388 2177 pulsus
1423 2098 1487 2158 in
1517 2099 1671 2159 orbe
1704 2099 1895 2174 jacen

398 2209 464 2267 ln
505 2224 629 2285 quo
663 2222 1012 2285 poenarum,
1051 2222 1206 2283 quas
1237 2222 1306 2265 se
1335 2204 1632 2266 meruisse
1661 2203 1911 2274 fatetur.

481 2314 613 2374 Non
644 2312 880 2375 facinus
908 2328 1179 2384 causam,
1211 2312 1322 2371 sed
1351 2327 1501 2372 suus
1531 2326 1711 2371 error
1738 2310 1942 2371 habet.

399 2422 494 2483 Me
519 2420 832 2481 miserum!
864 2436 1204 2496 vereorque
1236 2419 1463 2493 locum,
1499 2434 1886 2496 venerorque
1924 2426 2263 2496 potentem,

485 2528 558 2587 Et
590 2525 860 2604 quatitur
889 2524 1129 2603 trepido
1163 2524 1365 2585 littera
1393 2534 1606 2585 nostra
1639 2534 1832 2585 metu.

403 2632 638 2712 Aspicis
667 2630 964 2710 exsangui
993 2632 1268 2692 chartam
1298 2631 1530 2708 pallere
1557 2631 1804 2692 colore?

486 2738 722 2818 Aspicis
752 2737 1020 2798 alternos
1059 2736 1449 2798 intremuisse
1477 2736 1698 2814 pedes?

405 2848 939 2923 Quandocumque,
982 2861 1226 2922 precor,
1260 2853 1475 2906 nostro
1505 2845 1745 2922 placata
1772 2844 2039 2922 parenti,

492 2955 690 3017 Isdem
731 2956 846 3016 sub
877 2953 1140 3014 dominis
1167 2952 1466 3032 aspiciare
1494 2954 1741 3014 domus.

411 3067 556 3129 Inde
591 3065 808 3126 timore
841 3064 973 3142 pari
1008 3064 1302 3141 gradibus
1329 3063 1611 3124 sublimia
1641 3063 1823 3124 celsis

492 3176 696 3235 Ducor
727 3172 804 3234 ad
835 3170 1064 3235 intonsi
1093 3170 1352 3230 candida
1374 3171 1603 3246 templa
1637 3170 1762 3228 dei.

411 3283 592 3361 Signa
623 3279 964 3360 peregrinis
995 3275 1102 3338 ubi
1129 3286 1274 3338 suut
1301 3276 1537 3336 alterna
1563 3275 1871 3336 columnis

497 3387 756 3459 BelideS,
790 3397 852 3446 et
886 3383 1100 3446 stricto
1136 3383 1436 3444 barbarus
1465 3398 1612 3443 ense
1648 3391 1849 3458 pater:

416 3497 682 3571 Quaeque
705 3493 817 3554 viri
856 3494 1040 3554 docto
1069 3500 1307 3550 veteres
1337 3505 1560 3565 cepere
1589 3489 1855 3564 novique

501 3602 776 3673 Pectore,
810 3596 1062 3658 lecturis
1091 3594 1472 3672 inspicienda
1502 3603 1743 3670 patent.

424 3706 780 3776 Quaereham
809 3705 1054 3774 ἤθει-οε,
1090 3699 1366 3776 exceptis
1399 3698 1637 3760 scilicet
1665 3698 1807 3765 illis,
