3334 5175
1816 365 2055 425 -46-

913 498 1064 572 Quid
1091 502 1329 561 valeant
1355 500 1482 571 tali;
1517 513 1638 575 quo
1663 500 1866 576 possis
1894 499 2157 577 plurima
2175 502 2349 576 jactu

995 606 1228 685 Figere,
1261 606 1591 668 damnosos
1620 604 1947 683 effugiasve
1979 622 2187 667 canes:

915 718 1172 779 'tessera
1197 727 1349 795 quot
1375 732 1666 778 numeros
1695 717 1937 777 habeat:
1970 716 2233 778 distante
2261 724 2501 786 vocato,

994 823 1231 886 Mittere
1258 840 1382 900 quo
1409 824 1645 897 deceat,
1680 840 1805 900 quo
1832 822 1981 883 dare
2006 820 2195 883 missa
2222 821 2426 882 modo:

912 929 1189 991 Discolor
1215 940 1285 990 ut
1311 940 1485 991 recto
1513 939 1831 1007 grassetur
1856 928 2049 989 limite
2076 927 2277 1001 mileS‚

991 1035 1138 1095 Cum
1165 1035 1403 1097 medius
1431 1034 1677 1113 gemino
1706 1033 1983 1095 calculus
2013 1034 2193 1095 hoste
2227 1032 2411 1111 perit:

913 1146 988 1205 Ut
1015 1160 1192 1223 mage
1218 1145 1373 1205 velle
1401 1143 1574 1221 sequi
1603 1143 1777 1215 sciat,
1812 1152 1875 1203 et
1901 1158 2193 1205 revocare
2220 1142 2528 1220 priorem;

998 1251 1082 1311 Ne
1109 1260 1244 1311 tuto
1271 1248 1510 1328 fugiens
1537 1247 1931 1310 incomitatus
1960 1257 2081 1308 eat.

917 1357 1104 1417 Parva
1131 1356 1306 1417 sedet
1333 1354 1523 1415 ternis
1549 1354 1851 1415 instructa
1878 1352 2105 1413 tabella
2132 1351 2379 1429 lapilliS,

999 1469 1067 1529 In
1096 1484 1216 1545 qua
1243 1465 1460 1528 vicisse
1489 1476 1606 1539 est,
1639 1466 2035 1527 continuasse
2064 1482 2233 1526 suos.

916 1574 1150 1649 Quique
1175 1572 1276 1632 alii
1304 1572 1498 1645 lusuS,
1533 1588 1735 1649 neque
1760 1570 1923 1632 enim
1952 1587 2116 1631 nunc
2148 1584 2487 1648 persequar
2518 1586 2757 1643 omnem

996 1678 1282 1750 Perdere,
1313 1693 1447 1736 rem
1473 1692 1703 1749 caram,
1736 1688 2017 1753 tempora
2043 1686 2257 1737 nostra
2286 1677 2507 1737 solent.

915 1784 1074 1844 Ecce
1101 1782 1265 1844 canit
1289 1782 1517 1843 formas
1545 1781 1701 1843 alins
1719 1783 2049 1858 jactusque
2076 1781 2368 1859 pilarum:

1007 1888 1113 1950 Hic
1143 1898 1338 1949 artem
1365 1886 1550 1948 nandi
1577 1886 1881 1965 praecipit:
1912 1886 2014 1947 ille
2042 1886 2264 1947 trochi.

922 1993 1270 2071 Composita
1297 2004 1394 2054 est
1418 1992 1550 2053 aliis
1577 1990 1825 2054 fucandi
1851 2008 2003 2052 cura
2028 1991 2278 2053 coloris:

1005 2102 1113 2164 Hic
1141 2101 1339 2181 epulis
1368 2102 1536 2180 leges
1563 2100 1955 2179 hospitioque
1981 2100 2170 2162 dedit.

921 2213 1090 2275 Alter
1115 2213 1393 2286 humum,
1427 2214 1506 2273 de
1533 2230 1654 2290 qua
1682 2213 1991 2291 fingantur
2017 2214 2262 2291 pocula,
2294 2222 2623 2286 monstrat,

1002 2323 1292 2399 Quaeque,
1322 2323 1526 2395 docet,
1559 2321 1789 2399 liquido
1816 2331 1974 2383 testa
2002 2322 2081 2384 sit
2106 2332 2249 2401 apta
2276 2338 2471 2385 mero.

920 2429 1084 2492 Talia
1108 2430 1332 2490 fumosi
1358 2431 1656 2491 luduntur
1682 2447 1891 2490 mense
1920 2431 2288 2503 decembris»,

1005 2534 1150 2606 Quae
1177 2535 1401 2596 damno
1430 2534 1582 2594 nulli
1609 2534 2036 2614 composuisse
2064 2535 2199 2598 fuit.

925 2640 1028 2702 His
1055 2656 1173 2718 ego
1203 2641 1522 2718 deceptus,
1555 2657 1682 2699 non
1711 2640 1907 2700 tristia
1928 2641 2197 2701 carmina
2226 2642 2367 2712 feci;

1007 2749 1126 2811 Sed
1156 2747 1345 2809 tristis
1373 2757 1622 2809 nostros
1651 2764 1839 2825 poena
1866 2759 2079 2808 secuta
2098 2749 2302 2826 jocos

923 2855 1196 2932 Denique
1223 2871 1338 2916 nec
1367 2853 1544 2915 video
1575 2854 1652 2916 de
1681 2865 1774 2915 tot
1804 2854 2215 2916 scribentibus
2246 2872 2459 2928 unum,

1001 2963 1222 3033 ‘Quem
1255 2979 1364 3022 sua
1392 2961 1729 3040 perdiderit
1754 2961 1947 3022 Musa:
1978 2971 2261 3040 repertus
2290 2979 2427 3040 ego.

927 3068 1082 3140 Quid
1111 3069 1162 3130 si
1189 3067 1573 3146 scripsissem
1601 3069 1823 3130 mimos
1850 3069 2143 3130 obscoena
2164 3070 2471 3146 jocantes,

1008 3174 1120 3246 Qui
1147 3193 1390 3254 semper
1416 3176 1541 3237 ficti
1565 3176 1799 3236 crimen
1826 3175 2051 3236 amoris
2078 3175 2333 3237 habent?

928 3283 994 3344 111
1025 3283 1246 3361 quibus
1275 3283 1522 3344 assidue
1549 3283 1754 3342 cultus
1774 3281 2057 3358 procedit
2085 3282 2348 3352 adulter,

1011 3390 1332 3465 Verbaque
1361 3389 1466 3448 dat
1495 3387 1688 3446 stulto
1718 3385 1940 3446 callida
1968 3395 2163 3463 nupta
2190 3385 2346 3445 viro.

925 3496 1158 3556 Nubilis
1188 3496 1305 3555 hos
1334 3493 1529 3572 virg0‚
1563 3503 1987 3572 matronaque,
2022 3493 2257 3571 virque,
2293 3509 2573 3571 puerque

1015 3605 1283 3680 Spectat,
1319 3614 1379 3663 et
1407 3619 1487 3663 ex
1515 3619 1734 3680 magna
1763 3613 1939 3680 parte
1968 3604 2227 3663 Senatus
2256 3602 2451 3664 adest.

927 3713 1048 3773 Nec
1079 3711 1224 3774 satis
1253 3711 1502 3773 incestis
1534 3710 1826 3773 temerari
1858 3709 2112 3772 vocibus
2150 3727 2362 3774 aures:
