3334 5175
1271 389 1555 446 ...109-

390 513 583 584 Quam
613 512 839 583 vultuS‚
873 510 1211 587 oculosque
1242 521 1403 585 tuos,
1436 528 1477 573 o
1504 512 1745 577 dulcior
1771 516 1877 579 illo

468 622 667 695 Melle,
700 618 867 699 quod
896 619 957 679 in
989 619 1147 681 ceris
1174 620 1369 681 Attica
1392 621 1566 699 ponit
1594 622 1750 701 apis!
1997 696 2002 701 ⁸

386 728 565 806 Saepe
584 727 788 799 etiam,
827 742 1097 788 moerens
1124 736 1365 805 tempus
1400 727 1810 792 reminiscitur
1833 730 2006 804 illud,

470 835 643 907 Quod
671 851 797 895 non
827 844 1205 912 praeventum
1232 846 1430 896 morte
1459 834 1649 897 fuisse
1677 837 1870 899 dolet.

385 942 704 1017 Quumque
726 939 827 1001 alii
853 940 1134 1019 fugerent
1160 940 1379 1003 subitae
1408 941 1690 1021 contagia
1715 943 1927 1017 cladis,

469 1051 591 1111 Nec
617 1050 843 1110 vellent
870 1049 1011 1111 ictae
1040 1049 1227 1111 limen
1254 1049 1431 1112 adire
1460 1051 1710 1125 domus;

399 1157 485 1217 Te
513 1155 627 1217 sibi
652 1172 793 1216 cum
822 1154 1033 1233 paucis
1062 1155 1309 1217 memini
1338 1156 1636 1219 mansisse
1663 1157 1927 1221 fidelem:

490 1260 550 1323 Si
576 1277 809 1339 paucos
838 1260 1055 1338 aliquis
1090 1272 1291 1323 tresve
1322 1264 1555 1325 duosve
1589 1273 1784 1325 vocat.

392 1366 675 1439 Quamvis
702 1365 1033 1442 adtonituS,
1066 1368 1256 1431 sensit
1294 1379 1495 1431 tamen
1524 1369 1752 1445 omnia,
1787 1386 1902 1433 nec
1929 1381 1990 1433 te

463 1475 541 1534 Se
575 1473 775 1534 minus
804 1474 1077 1537 adversis
1104 1474 1439 1538 indoluisse
1464 1476 1611 1539 suiS.

399 1580 596 1641 Verba
622 1580 803 1653 solet,
830 1581 1188 1659 vultumque
1215 1591 1411 1655 tuum,
1440 1582 1826 1661 gemitusque
1855 1582 2111 1655 referre,

462 1688 537 1749 Et
576 1698 637 1749 te
662 1689 867 1761 flente,
906 1706 1053 1750 suos
1077 1689 1421 1751 emaduisse
1450 1688 1642 1762 sinus;

395 1793 589 1865 Quam
618 1791 731 1855 sibi
757 1792 1136 1871 praestiteriS,
1168 1809 1289 1870 qua
1316 1794 1673 1855 consolatus
1697 1792 1962 1855 amicum

479 1898 575 1959 Sis
606 1916 747 1977 ope:
780 1899 1071 1960 solandus
1110 1916 1251 1959 cum
1280 1897 1459 1961 simul
1491 1898 1623 1977 ipse
1656 1897 1844 1961 fores,

401 2006 519 2065 Pro
545 2004 767 2082 quibus
794 2004 1071 2066 adfirmat
1096 2005 1229 2067 fore
1256 2022 1325 2067 se
1356 2020 1814 2085 memoremque
1842 2004 2154 2085 piumque,

460 2109 595 2172 Sive
636 2110 796 2171 diem
831 2110 1050 2183 videat,
1083 2110 1209 2171 sive
1246 2120 1488 2189 tegatur
1516 2111 1728 2183 hum03

386 2217 503 2277 Per
535 2226 723 2294 caput
758 2214 889 2294 ipse
916 2232 1095 2277 suum
1124 2215 1339 2277 solitus
1370 2216 1583 2291 jnrare
1607 2225 1924 2292 tuumque,

460 2321 634 2393 Quod
662 2320 791 2381 scio
816 2337 943 2380 non
972 2319 1057 2380 illi
1097 2319 1271 2380 vilius
1300 2336 1439 2380 esse
1465 2336 1613 2381 suo.-

387 2433 569 2493 Plena
600 2442 691 2493 tot
722 2448 795 2493 ac
832 2430 1015 2493 tantis
1044 2432 1343 2492 referetur
1369 2431 1565 2510 gratia
1590 2430 1792 2491 sactis:

455 2537 577 2598 Nec
608 2535 765 2598 sinet
798 2536 901 2597 ille
934 2545 1075 2598 tuos
1105 2535 1247 2599 litus
1272 2552 1445 2598 arare
1474 2536 1686 2600 boves,

376 2643 493 2704 Fac
530 2643 709 2704 modo
744 2653 1100 2704 constanter
1138 2642 1469 2720 profugum
1506 2653 1738 2704 tueare:
1770 2644 1936 2721 quod
1971 2643 2095 2717 ille,

461 2747 571 2818 Qui
608 2747 765 2808 bene
799 2759 860 2808 te
888 2747 1077 2819 novit,
1114 2764 1237 2808 non
1274 2758 1471 2824 rogat,
1502 2747 1633 2828 ipsa
1660 2763 1836 2826 rogo.

1060 2969 1445 3026 nnnc-m
1468 2949 1561 3025 v.

377 3190 631 3250 Annuus
660 3188 983 3250 adsuetum
1013 3186 1277 3248 dominae
1306 3185 1525 3246 natalis
1552 3186 1853 3244 honorem

452 3295 671 3374 Exigit:
705 3295 809 3367 ite,
845 3311 1083 3369 manus,
1114 3295 1193 3356 ad
1225 3293 1326 3373 pia
1354 3307 1558 3365 sacra,
1590 3307 1768 3354 meae.

366 3405 463 3466 Sic
492 3406 799 3480 quondam
830 3404 1051 3465 festum
1078 3404 1350 3466 Laertius
1378 3403 1580 3481 egerit
1606 3403 1796 3464 heros

448 3513 673 3574 Forsan
704 3512 764 3572 in
801 3521 1079 3572 extremo
1112 3510 1401 3586 conjugis
1426 3511 1579 3570 orbe
1606 3508 1789 3569 diem.

364 3617 593 3695 Lingua
622 3615 830 3678 favens
866 3617 941 3676 ad
958 3614 1057 3687 sit,
1090 3616 1418 3693 longorum
1446 3611 1637 3674 oblita
1673 3611 1994 3682 malorum

448 3723 615 3794 Quae,
646 3734 819 3800 pute,
854 3720 1142 3784 dedidicit
1162 3721 1290 3795 jam
1329 3720 1491 3782 bona
1519 3719 1715 3781 verba
1749 3717 1942 3797 loqui:
1981 3805 2068 3870 u
