3334 5175
350 512 476 570 Nec
507 512 674 569 mare
703 502 1056 567 concrescit
1095 500 1313 579 glacie:
1349 515 1490 571 nec,
1521 510 1592 561 ut
1609 508 1779 573 ante,
1810 516 1923 577 per
1954 502 2175 565 Istrum

410 595 700 679 *Stridula
727 616 1126 675 Sauromates
1155 611 1433 688 plaustra
1461 610 1773 675 bubulcus
1799 610 1945 688 agit.
1976 637 2170 739 MP.
2241 592 2569 677 law

348 718 645 799 Incipient
669 720 888 796 aliquae
913 729 1116 781 tamen
1143 717 1263 777 huc
1289 716 1518 778 adnare
1541 716 1789 789 carinae,

436 829 810 907 Hospitaque
837 828 900 887 in
929 827 1108 889 Ponti
1139 827 1348 890 littore
1377 827 1601 905 puppis
1629 827 1769 889 erit.

352 936 614 997 Sedulus
643 935 978 997 obcurram
1007 942 1236 996 nantae:
1267 933 1558 1011 dictaque
1587 935 1807 1008 salute,

431 1042 585 1114 Quid
611 1041 815 1102 veniat
853 1058 1156 1119 quaeram,
1187 1042 1426 1120 quisve,
1459 1043 1772 1119 quibusve.
1794 1042 1971 1119 locis.

353 1152 458 1211 llle
484 1149 732 1227 quidem
759 1150 1005 1224 mirum,
1039 1149 1154 1211 nisi
1183 1151 1260 1212 de
1287 1149 1540 1228 regione
1569 1150 1926 1230 propinqua

435 1257 566 1316 Non
593 1255 710 1317 nisi
736 1255 968 1317 vicinas
1002 1266 1175 1317 tutus
1203 1256 1392 1318 ararit
1422 1272 1638 1334 aquas.

354 1362 547 1421 Rarus
573 1360 846 1423 abitalia
872 1370 1114 1424 tantum
1141 1378 1314 1423 mare
1341 1362 1546 1423 navita
1573 1363 1814 1424 transit:

440 1470 668 1531 Littera
695 1486 870 1532 rarus
896 1470 960 1530 in
987 1472 1123 1532 haec
1151 1471 1453 1549 portubus
1481 1470 1632 1531 orba
1657 1470 1841 1531 venit.

355 1576 492 1637 Sive
523 1586 722 1637 tamen
751 1575 924 1635 Graia
953 1575 1182 1649 scierit,
1217 1576 1344 1636 sive
1370 1576 1473 1635 ille
1499 1574 1711 1636 Latina

441 1684 604 1744 Voce
631 1683 822 1759 loqui,
855 1692 1024 1744 certe
1053 1682 1288 1761 gratior
1315 1682 1500 1760 hujus
1529 1682 1664 1744 erit.

353 1790 466 1851 Fas
496 1806 764 1867 quoque,
797 1790 875 1851 ab
904 1806 1014 1850 ore
1043 1789 1180 1851 freti
1211 1790 1542 1867 longasque
1571 1787 1981 1867 Propontidos
2008 1788 2213 1863 undis,

437 1896 566 1955 Huc
595 1894 858 1971 aliquem
887 1904 1060 1956 certo
1089 1895 1230 1955 vela
1257 1874 1504 1959 dedisse
1527 1894 1709 1955 Noto.

359 2001 643 2078 Quisquis
669 2002 722 2063 is
751 2012 866 2075 est,
899 2002 1162 2065 memori
1189 2018 1504 2076 rumorem
1531 2018 1685 2065 voce
1712 2002 1966 2077 referre,

439 2108 514 2167 Et
539 2106 672 2167 fieri
702 2106 880 2169 famae
907 2124 1180 2186 parsque
1207 2109 1560 2187 gradusque
1584 2118 1811 2186 potest.
1893 2096 1992 2178 5qu

359 2214 438 2286 Is,
471 2229 720 2291 precor,
754 2213 999 2275 auditus
1027 2213 1228 2291 possit
1255 2230 1508 2275 narrare
1534 2213 1880 2291 triumphos

441 2321 722 2394 CaesariS,
756 2333 818 2382 et
845 2320 1016 2383 Latio
1047 2319 1288 2383 reddita
1316 2334 1458 2383 vota
1483 2321 1636 2383 lovi:

356 2429 584 2504 Teque,
620 2425 997 2500 rebellatrix,
1034 2429 1306 2499 tandem,
1339 2428 1678 2500 Germania,
1712 2430 1914 2506 magni

437 2533 640 2596 Triste
673 2544 860 2612 caput
885 2532 1148 2612 pedibus
1177 2532 1575 2612 supposuisse
1599 2532 1795 2597 ducis.

357 2643 497 2702 Haec
528 2643 672 2702 mihi
703 2643 808 2719 qui
837 2643 1087 2715 referet,
1110 2659 1266 2719 —quae
1289 2660 1416 2704 non
1443 2643 1668 2705 vidisse
1694 2645 1942 2718 dolebo,

438 2748 544 2809 Ille
578 2765 732 2808 meae
763 2749 972 2810 domui
1001 2748 1286 2828 protinus
1313 2751 1542 2828 hospes
1569 2751 1706 2812 erit.

359 2859 486 2919 Heu
512 2857 684 2931 mihi,
710 2859 920 2934 jamne
951 2859 1176 2920 domus
1207 2859 1500 2938 Scythico
1523 2860 1779 2922 Nasonis
1806 2861 1869 2921 in
1898 2861 2077 2921 orbe?

441 2963 696 3040 Jamque
721 2981 902 3024 suum
923 2962 1078 3024 ,mihi
1107 2966 1213 3026 dat
1238 2983 1356 3044 pro
1383 2967 1534 3026 Lare
1563 2983 1749 3044 poena
1774 2967 2011 3027 locum?

360 3070 427 3128 Di
456 3069 700 3142 faciant,
733 3081 802 3134 ut
829 3071 1034 3132 Caesar
1061 3089 1188 3135 non
1217 3071 1316 3130 hic
1341 3075 1658 3147 penetrale
1684 3075 2079 3155 domumque,

438 3156 782 3254 Hospitium
811 3191 1020 3254 poenae
1050 3175 1159 3235 sed
1188 3173 1332 3234 velit
1361 3190 1498 3235 esse
1525 3193 1703 3236 meae.
1878 3167 1885 3174 ”

1993 2054 2188 2159 ,sm

961 3393 1330 3452 mmm
1366 3395 1601 3451 1111.

355 3607 522 3666 Ecce
553 3619 992 3682 supervacuus»,
1027 3603 1176 3679 quid
1205 3602 1366 3663 enim
1395 3602 1510 3664 fuit
1545 3603 1694 3665 utile
1722 3606 1917 3686 gigni?

444 3709 540 3770 Ad
571 3725 680 3769 sua
711 3708 930 3768 natalis
960 3718 1238 3786 tempora
1267 3719 1480 3770 noster
1507 3711 1702 3772 adest.
