3334 5175
1828 364 2067 423 ..60-

999 496 1170 567 Quod
1192 506 1252 555 te
1281 493 1572 553 credibile
1601 502 1697 552 est
1713 507 2018 568 quaerere,
2050 490 2302 567 quaeris,
2324 506 2525 568 agam

920 606 1039 679 Spe
1067 602 1275 661 trahor
1303 598 1547 677 exigua,
1577 614 1762 676 quam
1776 608 1843 658 tu
1872 596 2020 657 mihi
2046 598 2294 657 demere
2324 596 2473 668 noli,

999 708 1216 770 Tristia
1233 708 1410 769 leniri
1443 707 1693 769 numina
1719 724 1912 784 posse
1938 706 2064 767 dei.

917 820 1038 880 Seu
1050 829 1282 879 temere
1302 827 1617 896 exspecto,
1651 816 1776 877 sive
1803 815 1867 877 id
1893 816 2253 891 contingere
2276 816 2367 875 fas
2402 826 2519 886 est;

1005 927 1096 986 Tu
1109 926 1256 985 mihi
1277 927 1447 1003 quod
1466 924 1650 1002 cupio
1672 924 1787 998 fas,
1820 942 2066 1002 precor,
2096 941 2235 985 esse
2254 923 2477 1000 proba.

920 1031 1188 1108 Quaeque
1210 1031 1319 1093 tibi
1337 1041 1432 1092 est
1456 1030 1682 1108 linguae
1698 1029 2005 1102 facundia,
2040 1028 2256 1090 confer
2284 1028 2346 1087 in
2375 1027 2553 1100 illud,

1001 1137 1078 1197 Ut
1109 1138 1335 1197 doceas
1362 1146 1574 1196 votum
1603 1152 1789 1212 posse
1814 1136 2017 1196 valere
2040 1152 2268 1195 meum.

914 1244 1044 1315 Quo
1074 1244 1334 1322 quisque
1360 1254 1456 1306 est
1483 1244 1701 1321 major,
1726 1243 1916 1321 magis
1945 1254 2039 1304 est
2060 1242 2377 1321 placabilis
2407 1242 2539 1314 irae,

1003 1352 1077 1411 Et
1103 1350 1310 1411 faciles
1339 1361 1543 1411 motus
1555 1366 1731 1411 mens
1760 1366 2061 1427 generosa
2082 1349 2266 1427 capit.

919 1462 1192 1537 Corpora
1219 1458 1604 1538 magnanimo
1625 1459 1773 1521 satis
1792 1469 1887 1520 est
1905 1469 2251 1536 prostrasse
2279 1458 2464 1519 leoni:

1003 1569 1211 1645 Pugna
1231 1584 1409 1628 suum
1437 1568 1642 1641 finem,
1676 1568 1999 1644 cumjacet
2018 1566 2243 1640 hostiS‚
2282 1567 2489 1628 habet.

923 1674 1000 1735 At
1026 1674 1232 1751 lupuS,
1265 1682 1328 1733 et
1357 1684 1570 1750 turpes
1598 1672 1829 1734 instant
1858 1673 2263 1735 morientibus
2292 1672 2447 1745 ursi,

1007 1778 1082 1839 Et
1110 1794 1513 1857 quaecumque
1533 1777 1733 1839 minor
1762 1778 2077 1840 nobilitate
2107 1778 2235 1839 fera
2253 1787 2368 1839 est.

927 1886 1122 1962 Majus
1150 1886 1313 1962 apud
1330 1886 1573 1962 Trojam
1601 1884 1745 1946 forti
1766 1884 1914 1962 quid
1947 1885 2243 1945 habemus
2263 1884 2521 1945 Achille?

1005 1992 1288 2056 Dardanii
1302 1994 1600 2071 lacrymas
1629 2010 1757 2053 non
1782 1993 1924 2055 tulit
1951 1992 2055 2053 ille
2084 1993 2269 2054 senis.

931 2100 1078 2171 Quae
1104 2099 1276 2160 ducis
1297 2099 1576 2159 AEmathii
1608 2099 1794 2162 fuerit
1819 2099 2163 2172 clementia,
2196 2102 2411 2171 Poros,

1009 2206 1414 2283 Praeclarique
1431 2207 1657 2267 docent
1685 2206 1917 2267 funeris
1939 2206 2272 2283 exsequiae.

924 2316 1080 2375 Neve
1098 2313 1414 2375 hominum
1443 2313 1706 2375 referam
1726 2314 1915 2374 flexas
1944 2315 2021 2373 ad
2044 2313 2250 2375 mitius
2282 2314 2429 2386 iras,

1008 2421 1261 2483 Junonis
1289 2438 1479 2499 gener
1505 2432 1620 2494 est,
1650 2421 1756 2498 qui
1789 2421 1959 2498 prius
1987 2422 2181 2483 hostis
2213 2434 2364 2483 erat.

927 2529 1196 2607 Denique
1229 2546 1353 2589 non
1373 2546 1626 2607 possum
1655 2530 1884 2591 nullam
1910 2548 2161 2608 sperare
2194 2532 2477 2604 salutem,

1011 2637 1160 2697 Cum
1187 2653 1391 2714 poenae
1419 2654 1544 2696 non
1575 2637 1652 2697 sit
1680 2654 1865 2698 causa
1892 2649 2147 2698 cruenta
2176 2657 2350 2700 meae.

924 2746 1056 2806 Non
1085 2743 1230 2806 mihi
1260 2745 1558 2822 quaerenti
1587 2747 1987 2824 pessumdare
2016 2760 2260 2819 cuncta,
2302 2748 2559 2826 petitum

1009 2852 1353 2913 Caesareum
1379 2861 1564 2929 caput
1591 2863 1709 2924 est,
1741 2853 1911 2929 quod
1940 2864 2125 2930 caput
2154 2853 2321 2914 orbis
2351 2867 2503 2915 erat.

927 2960 1057 3019 Non
1083 2957 1312 3035 aliquid
1340 2957 1486 3030 dixi,
1521 2957 1906 3034 violentaque
1935 2958 2142 3036 lingua
2186 2959 2393 3021 locuta
2422 2971 2541 3031 est,

1009 3070 1326 3146 Lapsaque
1353 3078 1496 3128 sunt
1523 3066 1711 3128 nimio
1742 3068 1927 3128 verba
1955 3069 2212 3146 profana
2236 3087 2433 3130 merc.

927 3175 1122 3237 Inscia
1149 3176 1316 3254 quod
1337 3173 1568 3235 crimen
1597 3174 1879 3236 viderunt
1899 3175 2151 3250 lumina,
2175 3177 2435 3253 plector:

1008 3293 1456 3367 peccatumque
1482 3291 1699 3351 ocul'os
1729 3301 1823 3350 est
1852 3290 2137 3350 habuisse
2168 3308 2393 3352 meum.

927 3400 1056 3458 Non
1086 3398 1368 3475 equidem
1399 3407 1590 3458 totam
1612 3397 1846 3474 possim
1874 3398 2205 3460 defendere
2235 3403 2507 3478 culpam:

1011 3507 1130 3564 Sed
1156 3514 1392 3580 partem
1420 3504 1614 3564 nostri
1643 3503 1915 3566 criminis
1936 3523 2113 3568 error
2140 3509 2343 3570 habet.

931 3611 1082 3686 Spes
1109 3608 1292 3686 igitur
1321 3621 1626 3686 superest,
1659 3610 1967 3671 facturum
1996 3623 2065 3673 ut
2096 3613 2330 3675 molliat
2358 3613 2493 3692 ipse

1012 3715 1220 3776 Mutati
1249 3733 1498 3793 poenam
1519 3715 1860 3778 conditioni
1880 3717 2020 3779 loci.
