3334 5175
1274 370 1512 433 ...π-

445 502 518 563 Et
545 519 612 564 se
638 497 950 563 materiam
975 498 1260 561 carminis
1295 516 1434 563 esse
1445 502 1643 577 juvat:

351 610 628 688 Cumque
654 608 932 687 Gigantei
961 616 1380 669 memorantur
1407 608 1624 685 praelia
1654 606 1821 681 belli,

439 717 739 780 Credibile
766 727 861 778 est
895 716 1112 777 laetum
1133 716 1420 777 laudibus
1445 732 1586 778 esse
1609 717 1761 779 suis.

354 826 440 886 Te
469 826 783 886 celebrant
801 822 902 883 alii
921 821 1164 900 'quanto
1191 824 1372 885 decet
1401 840 1534 898 ore,
1558 834 1823 902 tuasque

445 932 694 1011 Ingenio
721 931 936 993 laudes
955 932 1244 994 uberiore
1269 944 1519 995 canunt.

356 1040 478 1101 Sed
497 1051 722 1110 tamen,
755 1049 824 1099 ut
841 1039 985 1099 fuso
1009 1046 1325 1100 taurorum
1355 1039 1654 1118 sanguine
1684 1051 1961 1113 centum,

441 1148 537 1209 Sic
567 1148 810 1225 capitur
841 1146 1092 1208 minimo
1120 1148 1314 1209 tauris
1342 1148 1578 1210 honore
1603 1149 1785 1211 deus.

361 1252 472 1324 Ah,
497 1252 687 1325 feruS,
719 1263 782 1313 et
818 1252 996 1313 nobis
1025 1252 1280 1313 nimium
1299 1252 1632 1315 crudeliter
1649 1254 1870 1327 hostiS,

441 1364 698 1425 Delicias
717 1362 866 1441 legit
892 1362 996 1440 qni
1033 1362 1143 1424 tibi
1173 1380 1444 1440 eumque
1472 1364 1663 1425 meas!

359 1472 638 1532 Carmina
673 1488 750 1532 ne
777 1471 1004 1532 nostris
1033 1470 1120 1533 sic
1142 1483 1202 1533 te
1228 1471 1580 1533 venerantia
1603 1472 1781 1532 libris

441 1578 679 1641 Judicio
703 1589 954 1657 possent
981 1579 1334 1641 candidiore
1394 1579 1536 1657 legi.

363 1687 513 1746 Esse
541 1688 651 1747 sed
669 1685 822 1748 irato
853 1687 988 1764 quis
1010 1698 1070 1749 te
1091 1688 1236 1747 mibi
1269 1696 1483 1766 posset
1511 1686 1779 1748 anticus?

453 1792 566 1851 Vix
593 1804 739 1853 tunc
759 1792 892 1871 ipse
925 1792 1070 1853 mihi
1099 1809 1224 1853 non
1259 1792 1538 1854 iuimicus
1567 1810 1755 1855 eram

364 1899 514 1959 Cum
549 1900 737 1978 coepit
767 1911 1050 1978 quassata
1077 1904 1298 1963 domus
1323 1902 1664 1979 subsidere,
1697 1914 1905 1981 partes

445 2006 513 2065 In
533 2005 904 2082 proclinatas
933 2024 1115 2068 omne
1134 2008 1437 2069 recumbit
1457 2026 1640 2070 onus:

360 2111 712 2188 Cunctaque
731 2112 976 2173 fortuna
1005 2114 1223 2173 rimam
1251 2112 1512 2173 faciente
1533 2114 1885 2185 dehiscunt3

447 2218 582 2294 Ipsa
611 2234 726 2278 suo
747 2218 1026 2294 quaedam
1061 2218 1336 2293 pondere
1367 2228 1561 2278 tracta
1588 2228 1795 2278 nmnt.

361 2324 521 2400 Ergo
551 2323 867 2383 hominum
889 2322 1213 2399 quaesitum
1233 2322 1442 2384 odium
1469 2322 1617 2383 mihi
1644 2323 1936 2399 carmine:
1968 2338 2211 2400 quaque

441 2430 679 2503 Debuit,
713 2440 808 2491 est
835 2431 1042 2490 vuitus
1060 2430 1240 2491 turba
1268 2440 1478 2492 secuta
1505 2441 1671 2493 tuos.

363 2536 456 2609 At,
492 2535 758 2609 memini,
803 2535 1110 2615 vitamque
1139 2552 1358 2610 meam,
1397 2552 1728 2615 moresfflie
1750 2537 2058 2617 probabas

447 2641 556 2702 lllo
593 2656 776 2719 quem
796 2642 1054 2703 dederas
1082 2641 1512 2719 praetereuntis
1541 2659 1725 2720 equo.

362 2749 534 2821 Quod
561 2749 610 2809 si
639 2765 764 2809 uon
794 2750 1069 2827 prodest,
1107 2761 1170 2811 et
1197 2749 1438 2812 honesti
1457 2751 1653 2829 gloria
1679 2751 1847 2812 nulla

441 2857 757 2932 Redditur,
789 2868 851 2919 at
872 2859 1110 2919 nullum
1131 2859 1368 2919 crimen
1383 2859 1644 2943 adeptus
1671 2875 1863 2920 eram.

361 2964 480 3026 Nec
511 2966 668 3026 male
695 2966 1024 3028 commissa
1051 2977 1147 3027 est
1169 2966 1348 3028 nobis
1375 2965 1624 3027 fortuna
1641 2981 1913 3038 reorum,

442 3073 662 3150 Lisque
691 3076 907 3136 decem
928 3075 1130 3134 decies
1151 3073 1528 3151 inspicienda
1568 3072 1736 3134 viris.

361 3179 478 3240 Res
511 3195 759 3256 quoque
787 3177 1054 3255 privatas
1075 3177 1258 3238 statui
1294 3176 1427 3236 sine
1455 3175 1711 3236 crimine
1732 3177 1949 3252 judex:

437 3285 646 3361 Deque
667 3299 802 3344 mea
831 3283 993 3344 fassa
1020 3292 1118 3344 est
1145 3299 1290 3360 pars
1318 3298 1568 3360 quoque
1595 3279 1755 3341 victa
1774 3279 1915 3341 fide.

361 3391 454 3451 Me
483 3389 797 3450 miserum!
831 3389 1027 3467 potui,
1061 3390 1112 3450 si
1136 3407 1260 3450 non
1289 3399 1564 3450 extrema
1591 3397 1911 3459 nocerent,

446 3494 624 3555 Judic
639 3495 700 3556 io
721 3505 890 3557 tutus
909 3511 1034 3555 non
1063 3495 1252 3554 seme}
1271 3509 1413 3552 esse
1423 3503 1550 3552 tuo.

355 3601 574 3666 Ultima
601 3619 696 3664 me
723 3603 1012 3680 perdunt:
1041 3600 1286 3676 imoque
1312 3601 1428 3660 sub
1455 3615 1706 3677 aequore
1745 3556 1963 3678 {ner-git

443 3709 820 3771 incolumem
851 3708 1033 3769 toties
1053 3723 1174 3767 una
1205 3708 1476 3784 procella
1503 3717 1717 3770 ratem.
