3334 5175
1846 386 2130 445 „420—

1056 522 1353 597 Quodque
1382 519 1482 579 hic
1512 518 1575 579 iu
1610 516 1910 595 Scythicis
1935 516 2160 578 finibus
2191 532 2332 577 esse
2359 533 2608 593 queror,

977 624 1243 703 Utraque
1272 640 1459 704 poena
1492 623 1718 703 gravis:
1753 621 1948 686 merui
1979 632 2180 683 tamen
2209 621 2364 683 urbe
2401 637 2635 695 carere3

1059 735 1191 793 Non
1228 733 1427 794 merui
1454 733 1557 795 tali
1587 732 1842 795 forsitan
1879 748 2016 793 esse
2045 732 2207 793 loco.

974 838 1127 911 Quid
1158 840 1401 916 loquor,
1434 838 1534 900 ah!
1570 838 1846 901 demens!
1880 837 2075 916 ipsam
2109 854 2360 915 quoque
2399 836 2658 915 perdere
2689 835 2880 901 vitam

1059 945 1314 1005 Caesaris
1345 945 1578 1006 offenso
1610 944 1860 1007 numine
1893 944 2116 1023 dignus
2143 959 2332 1006 eram.

1646 1166 2012 1224 ELEGIA
2047 1168 2192 1223 ΣΙ.

987 1380 1153 1451 Quod
1184 1390 1243 1441 te
1272 1379 1482 1441 nescio
1514 1381 1652 1457 quis
1680 1398 1792 1459 per
1813 1380 2018 1459 iurgia
2050 1379 2272 1442 dixerit
2307 1396 2446 1441 esse

1061 1488 1303 1549 Exsulis
1330 1505 1612 1561 uxorem,
1644 1488 1844 1549 littera
1875 1499 2090 1564 questa
2119 1497 2224 1549 tua
2253 1498 2371 1548 est.

979 1594 1241 1667 Indolui‚
1288 1613 1413 1655 non
1445 1607 1567 1657 tam
1608 1612 1742 1657 mea
1771 1598 1942 1673 quod
1968 1596 2214 1659 fortuna
2252 1595 2410 1655 male
2437 1594 2633 1667 audit,

1068 1700 1179 1771 Qui
1205 1701 1333 1777 jam
1363 1701 1655 1761 consuevi
1683 1701 1924 1763 fortiter
1950 1718 2090 1762 esse
2116 1701 2324 1773 misem

990 1809 1179 1880 Quam
1210 1810 1373 1886 quia,
1411 1809 1511 1869 cui
1546 1808 1792 1871 minime
1821 1808 2060 1883 vellem,
2101 1808 2216 1871 sim
2245 1825 2432 1873 causa
2457 1808 2739 1887 pudoris,

1088 1921 1294 1995 Teque
1321 1936 1459 1979 rear
1490 1919 1718 1981 nostris
1751 1919 2073 1981 erubuisse
2106 1919 2300 1981 malis.

1004 2024 1231 2098 Perfer,
1264 2035 1326 2085 et
1360 2026 1619 2085 obdura:
1655 2026 1850 2085 multo
1897 2024 2176 2109 graviora
2210 2023 2426 2096 tulisti,

1074 2130 1268 2201 Quum
1300 2148 1397 2191 me
1427 2130 1732 2209 subripuit
1756 2129 2052 2209 principis
2081 2130 2172 2191 ira
2206 2129 2336 2191 tibi.

986 2235 1235 2297 Fallitur
1262 2235 1379 2297 iste
1410 2246 1637 2310 tamen,
1679 2254 1803 2314 quo
1831 2236 2046 2313 judice
2072 2234 2358 2296 nominor
2389 2236 2585 2297 exsul:

1076 2342 1315 2404 Mollior
1338 2354 1434 2404 est
1464 2345 1709 2422 culpam
1737 2360 1926 2423 poena
1954 2353 2164 2405 secuta
2189 2358 2408 2403 meam.

987 2448 1243 2510 Maxima
1275 2467 1463 2527 poena
1498 2452 1643 2513 mihi
1686 2462 1802 2526 est,
1839 2452 2041 2531 ipsum
2083 2450 2431 2523 offendisse;
2466 2449 2764 2528 priusque-

1075 2559 1355 2620 Venisset
1387 2560 1630 2621 mallem
1674 2561 1905 2624 funeris
1935 2564 2088 2624 hora
2117 2561 2285 2622 mihi.

990 2664 1220 2733 Quassa
1262 2675 1467 2725 tamen
1508 2675 1722 2724 nostra
1751 2676 1868 2738 est,
1901 2683 2027 2726 non
2071 2667 2285 2739 fracta,
2307 2684 2423 2728 nec
2463 2668 2682 2729 obruta
2709 2669 2960 2746 puppis3

1080 2770 1278 2846 thue
1307 2780 1478 2830 caret
1505 2780 1716 2848 portu,
1750 2770 1838 2831 sic
1868 2781 2071 2832 tamen
2099 2781 2300 2832 exstat
2327 2773 2523 2850 aquis.

995 2877 1115 2937 Nec
1143 2877 1350 2949 vitam,
1386 2895 1501 2939 nec
1533 2895 1708 2955 opeS‚
1741 2895 1856 2940 nec
1879 2878 1984 2954 jus
2011 2879 2159 2944 mihi
2189 2879 2336 2942 civis
2363 2881 2610 2955 ademit;

1074 2985 1221 3056 Quae
1251 2984 1449 3045 merui
1477 2985 1623 3046 vitio
1652 2987 1918 3063 perdere
1947 2997 2168 3048 cuncta
2187 3005 2348 3048 meo,

1001 3095 1119 3155 Sed
1149 3094 1291 3170 quia
1311 3104 1569 3172 peccato
1598 3094 1836 3156 facinus
1866 3112 1989 3156 non
2021 3094 2213 3158 adfuit
2233 3096 2341 3169 illi,

1076 3201 1168 3260 Nil
1199 3200 1313 3261 nisi
1360 3218 1459 3261 me
1489 3200 1704 3279 patriis
1725 3201 1913 3278 jussit
1939 3203 2156 3264 abesse
2183 3202 2355 3262 focis,

997 3311 1194 3386 thue
1226 3311 1381 3384 aliis,
1443 3329 1770 3372 numerum
1803 3329 2067 3388 quorum
2093 3315 2538 3389 comprendere
2567 3331 2692 3378 non
2723 3328 2840 3390 est,

1083 3394 1426 3452 Caesareum
1458 3409 1712 3464 numen,
1751 3391 1840 3452 sic
1869 3392 2038 3466 mihi,
2072 3393 2220 3454 mite
2248 3395 2380 3457 fuit.

1000 3498 1135 3573 lpse
1158 3493 1432 3572 relegati,
1466 3513 1591 3556 non
1622 3497 1876 3572 exsulis,
1909 3498 2101 3560 utitur
2129 3498 2193 3558 in
2214 3517 2312 3562 mc

1078 3600 1363 3661 Nomine:
1398 3611 1527 3662 tuta
1560 3619 1673 3663 suo
1688 3603 1900 3680 judice
1919 3621 2102 3667 causa
2124 3622 2257 3666 mea
2285 3617 2398 3667 est.

997 3708 1139 3769 Jure
1164 3705 1351 3786 igitur
1387 3709 1625 3782 laudeS‚
1659 3709 1887 3786 Caesar,
1921 3729 2037 3790 pro
2076 3723 2251 3790 parte
2279 3713 2432 3775 virili
