3334 5175
1787 371 2028 431 -18·-

875 494 1134 577 Spiritus
1163 511 1224 562 et
1253 517 1476 561 vacuas
1505 500 1678 577 prius
1709 500 1807 560 hic
1838 502 2183 562 tenuandus
2213 502 2273 561 in
2302 518 2483 563 auras

955 604 1091 677 Ibit,
1125 617 1186 665 ct
1214 606 1275 663 in
1308 605 1518 683 tepido
1548 606 1795 667 deseret
1824 624 1964 667 ossa
1996 624 2174 684 rogo,

864 713 1052 781 Quam
1083 711 1342 773 subeant
1371 712 1576 772 animo
1606 712 1967 773 meritorum
1998 713 2220 773 oblivia
2250 724 2502 784 nostro,

945 818 1016 877 Et
1045 816 1230 893 longa
1259 816 1454 894 pietas
1484 816 1727 877 excidat
1755 818 1877 878 ista
1922 817 2042 879 dic.

871 921 940 980 Di
971 921 1078 982 tibi
1107 922 1230 983 sint
1259 922 1490 996 facileS,
1517 935 1578 984 et
1609 924 1745 1001 opis
1775 924 2002 984 nullius
2032 935 2316 1001 egentem

952 1027 1282 1087 Fortunam
1310 1039 1610 1106 praestent
1639 1028 2117 1106 dissimilemque
2154 1046 2329 1089 meae.

865 1135 925 1197 Si
957 1146 1160 1196 tamen
1189 1137 1324 1197 haec
1357 1137 1524 1197 navis
1555 1148 1738 1199 vento
1769 1138 2037 1198 serretur
2065 1138 2285 1209 amico,

941 1244 1334 1320 ignoraretur
1363 1242 1619 1304 forsitan
1650 1244 1767 1305 ista
1797 1245 1977 1305 fideS.

868 1349 1100 1410 Thesea
1129 1348 1432 1410 Pirithous
1461 1366 1589 1409 non
1623 1361 1747 1411 tam
1777 1350 2075 1411 sensisset
2112 1350 2398 1422 amicum,

959 1454 1019 1515 Si
1047 1472 1174 1514 non
1203 1454 1470 1516 infernas
1501 1456 1671 1517 vivus
1700 1455 1929 1517 adisset
1967 1473 2177 1534 aquas,

862 1562 938 1621 Ut
969 1561 1130 1620 soret
1159 1562 1512 1638 exemplum
1541 1562 1667 1621 veri
1699 1563 2008 1641 Phocaeus
2027 1563 2277 1635 amoriS,

941 1668 1244 1727 Fecerunt
1272 1666 1489 1737 Furiae,
1527 1666 1717 1726 tristis
1746 1667 1981 1737 Oresta,
2020 1677 2164 1726 tuac.

868 1774 928 1834 Si
961 1790 1086 1833 non
1117 1772 1413 1849 Euryalus
1443 1772 1703 1831 Rutulos
1734 1770 2057 1831 cecidisset
2084 1771 2147 1829 in
2176 1772 2410 1843 hosteS,

957 1881 1298 1961 Hyrtacidae
1325 1880 1466 1940 Niso
1499 1879 1694 1957 gloria
1726 1881 1891 1940 nulla
1933 1879 2113 1941 foret.

864 1992 1128 2064 Scilicet,
1163 2001 1231 2051 ut
1261 1990 1495 2050 fulvum
1525 2000 1843 2067 spectatur
1872 1990 1933 2049 in
1964 1990 2209 2068 ignibus
2238 2007 2477 2061 aurum,

967 2099 1272 2175 Tempore
1302 2097 1389 2157 sic
1423 2098 1580 2173 duro
1613 2109 1709 2158 est
1737 2097 2117 2174 inspicienda
2144 2097 2316 2157 fideS.

883 2207 1036 2265 Dum
1060 2205 1256 2281 juvat,
1292 2214 1353 2264 et
1383 2204 1555 2264 vultu
1586 2202 1747 2264 ridet
1774 2202 2021 2264 fortuna
2052 2220 2292 2275 serem,

957 2313 1328 2375 Indelibatas
1361 2324 1586 2373 cuncta
1615 2322 1963 2390 sequuntur
1991 2329 2165 2389 opes:

875 2427 950 2487 At
980 2428 1161 2487 simul
1190 2425 1481 2498 intonuit,
1514 2425 1782 2503 fugiunt,
1819 2442 1935 2485 nec
1969 2423 2246 2484 noscitur
2275 2420 2404 2495 ulli,

965 2531 1323 2610 Agminibus
1354 2530 1649 2590 comitum
1682 2529 1786 2606 qui
1817 2531 2005 2590 modo
2037 2529 2275 2590 cinctus
2304 2539 2453 2590 erat.

878 2641 1075 2718 Atque
1104 2641 1239 2699 haec
1270 2637 1569 2715 exemplis
1600 2637 1914 2713 quondam
1946 2637 2206 2697 collecta
2233 2637 2531 2714 priorum,

961 2749 1134 2809 Nunc
1165 2745 1310 2806 mihi
1345 2756 1489 2807 sunt
1518 2744 1754 2823 propiis
1786 2745 2033 2822 cognita
2060 2762 2204 2805 vera
2232 2746 2426 2805 malis.

879 2856 992 2914 Vix
1021 2855 1146 2914 duo
1179 2862 1379 2914 tresve
1409 2851 1552 2912 mihi
1585 2852 1662 2913 de
1694 2861 1785 2913 tot
1816 2851 2157 2928 superestis
2184 2850 2383 2912 amici.

947 2962 1182 3021 Caetera
1214 2957 1501 3032 fortunae,
1535 2977 1660 3020 non
1692 2976 1848 3032 mea,
1883 2960 2071 3021 turba
2099 2958 2230 3018 fuit.

863 3069 991 3139 Quo
1023 3067 1239 3144 magis,
1275 3083 1313 3126 o
1335 3066 1548 3144 pauci,
1584 3068 1774 3126 rebus
1809 3065 2157 3127 succurrite
2184 3064 2371 3136 laesiS‚

955 3175 1031 3234 Et
1060 3173 1206 3234 date
1237 3172 1560 3250 naufragio
1591 3173 1771 3232 litora
1806 3181 1935 3232 tuta
1966 3189 2125 3233 meo:

867 3281 1029 3340 Neve
1063 3290 1231 3340 metu
1262 3279 1417 3337 falso
1449 3278 1707 3336 nimium
1740 3277 2067 3352 trepidate,
2108 3276 2414 3368 timente&

955 3387 1080 3446 Hac
1113 3384 1460 3445 offendatur
1491 3399 1569 3441 ne
1602 3381 1830 3460 pietate
1860 3382 2033 3442 deus.

867 3494 1043 3569 Saepe
1073 3491 1256 3551 fldem
1287 3487 1560 3549 adversis
1592 3487 1775 3548 etiam
1805 3487 2073 3548 laudavit
2113 3488 2175 3546 in
2204 3487 2409 3560 armis3

947 3601 1137 3676 Inque
1167 3597 1292 3658 suis
1321 3607 1486 3657 amat
1517 3597 1677 3656 hanc
1709 3597 1935 3667 Cae-sar,
1984 3595 2057 3654 in
2089 3596 2266 3656 hoste
2293 3596 2541 3673 probat.

870 3709 1061 3770 Causa
1091 3721 1226 3768 mea
1257 3717 1352 3768 est
1382 3705 1622 3777 melior,
1658 3703 1762 3784 qui
1796 3721 1919 3764 non
1952 3704 2261 3766 contraria
2289 3703 2413 3764 fovi
