3334 5175
1696 277 1939 334 ...90-

776 408 872 469 Sic
904 419 1108 487 aequet
1139 419 1242 468 tua
1271 415 1462 484 nupta
1495 404 1693 465 virum
1736 404 2011 465 bonitate
2041 403 2323 481 perenni,

853 515 1084 575 Incidat
1114 525 1174 575 et
1203 525 1410 574 vestro
1442 528 1582 571 rara
1613 512 1867 589 querela
1900 521 2062 571 toro:

771 621 987 699 Diligat
1011 630 1077 681 et
1111 636 1357 697 semper
1388 618 1596 681 socius
1627 629 1687 679 te
1718 617 2031 696 sanguinis
2063 618 2169 679 illo

855 730 985 800 Quo
1013 728 1152 806 pius
1179 728 1425 789 adfectu
1453 728 1706 789 Castora
1735 728 1925 787 frater
1954 738 2138 788 amat:

778 834 874 895 Sic
899 835 1169 911 juvenis,
1203 834 1539 911 similisque
1569 833 1679 895 tibi
1710 832 1789 895 sit
1818 844 2020 906 natm,
2054 844 2118 893 et
2148 832 2321 893 illum

855 942 1125 1003 Moribus
1157 954 1466 1021 agnoscat
1495 941 1760 1019 quilibet
1790 957 1929 1003 esse
1960 952 2158 1003 tuum:

781 1052 876 1111 Sic
912 1069 1198 1112 socerum
1230 1051 1411 1115 faciat
1439 1052 1598 1112 taeda
1629 1063 1692 1111 te
1722 1062 1864 1112 nata
1888 1050 2105 1128 jugali,

859 1160 976 1221 Nec
1006 1162 1246 1221 tardum
1269 1159 1482 1237 juveni
1513 1161 1618 1221 det
1649 1159 1758 1220 tibi
1794 1175 2023 1219 nomen
2045 1158 2174 1218 avi.

1455 1382 1822 1436 ELEGIA
1868 1382 2007 1435 VI.

790 1596 1092 1671 Tempore
1121 1594 1408 1654 ruricolae
1436 1594 1677 1671 patiens
1706 1595 1772 1653 fit
1802 1604 2019 1654 taurus
2046 1594 2257 1667 aratri,

871 1703 1110 1763 Praebet
1140 1714 1201 1762 et
1231 1702 1486 1763 incurvo
1518 1702 1677 1762 colla
1706 1703 2043 1779 premenda
2065 1703 2243 1780 jugo:

799 1813 1099 1889 Tempore
1126 1822 1302 1888 paret
1331 1828 1527 1887 equus
1555 1810 1740 1871 lentis
1768 1810 2080 1872 animosus
2109 1811 2387 1885 habeniS,

885 1920 958 1978 Et
987 1917 1230 1995 placido
1260 1918 1451 1979 duros
1477 1917 1703 1995 accipit
1730 1934 1839 1978 ore
1867 1919 2071 1996 lupos.

801 2025 1106 2101 Tempore
1132 2039 1462 2100 poenorum
1493 2023 1911 2101 compescitur
1938 2023 2028 2083 ira
2057 2024 2329 2097 leonum,

875 2132 996 2191 Nec
1035 2130 1244 2191 feritas
1277 2128 1504 2203 animo,
1539 2146 1679 2207 quae
1714 2129 1827 2190 fuit
1853 2141 2018 2203 ante,
2049 2141 2273 2191 manet.

793 2239 1061 2316 Quaeque
1091 2237 1184 2298 sui
1215 2238 1462 2299 monitis
1491 2240 1879 2315 obtemperat
1906 2239 2053 2299 Inda
2080 2238 2354 2315 magistri

836 2421 841 2425 .
876 2344 1106 2417 Benna,
1143 2343 1456 2405 servitium
1488 2354 1769 2421 tempore
1807 2343 1963 2405 victa
1992 2343 2177 2405 subit.

794 2454 1080 2531 TempuS,
1116 2463 1186 2513 ut
1213 2453 1478 2513 extentis
1505 2463 1737 2513 tumeat
1766 2452 1907 2513 facit
1935 2470 2051 2514 uva
2080 2453 2360 2525 racemiS,

877 2560 1112 2637 Vixque
1143 2576 1381 2621 merum
1413 2559 1658 2637 capiant
1686 2576 1899 2638 grana,
1932 2562 2099 2637 quod
2128 2560 2294 2622 intus
2319 2560 2567 2624 habent.

793 2670 1058 2745 Tempus
1085 2676 1147 2726 et
1175 2666 1237 2726 in
1265 2682 1450 2726 canas
1480 2681 1691 2726 semen
1719 2666 2009 2743 producit
2035 2665 2276 2741 aristaS,

877 2777 952 2836 Et
981 2792 1059 2835 ne
1091 2773 1214 2835 sint
1245 2773 1403 2835 tristi
1432 2789 1616 2851 poma
1643 2791 1866 2852 sapore
1894 2773 2058 2836 facit.

795 2883 924 2943 Hoc
955 2891 1172 2942 tenuat
1201 2881 1452 2943 dentem
1482 2890 1709 2941 terram
1738 2880 2027 2942 findentis
2060 2882 2269 2956 aratri,

883 2987 1005 3047 Hoc
1037 2985 1268 3064 rigidas
1299 2985 1525 3060 siliceS‚
1559 2987 1679 3047 hoc
1706 2987 2028 3048 adamanta
2056 2987 2219 3048 terit.

797 3093 924 3154 Hoc
953 3091 1136 3153 etiam
1169 3108 1366 3153 saevas
1395 3091 1690 3170 paulatim
1718 3091 1954 3173 mitigat
1982 3093 2127 3168 iraS‚

874 3204 1002 3263 Hoc
1039 3201 1264 3264 minuit
1291 3203 1514 3277 lactuS,
1551 3211 1903 3279 moestaque
1932 3203 2121 3264 corda
2148 3204 2328 3266 levat.

799 3311 1028 3371 Cuncta
1071 3319 1284 3387 potest
1311 3307 1505 3386 igitur
1540 3307 1730 3368 tacito
1758 3308 1917 3384 pede
1942 3309 2115 3386 lapsa
2140 3320 2412 3374 vetustas

881 3419 1303 3494 Praeterquam
1333 3432 1515 3476 curas
1545 3425 1868 3482 attenuare
1896 3433 2085 3478 meas,

799 3525 875 3586 Ut
902 3523 1098 3601 patria
1121 3539 1328 3595 careo,
1361 3522 1456 3584 bis
1485 3523 1768 3602 frugibus
1806 3541 1949 3586 area
1978 3525 2121 3586 trita
2148 3537 2265 3588 est:

887 3628 1155 3692 Dissiluit
1184 3630 1358 3689 nudo
1397 3645 1612 3706 pressa
1641 3629 1739 3690 bis
1768 3647 1884 3691 uva
1914 3632 2094 3710 pedes
