3334 5175
1828 342 2065 399 ...ยน1ss-

1006 474 1162 535 Fons
1189 473 1578 533 infoecundus
1607 486 1917 548 parvaque
1947 484 2099 530 vena
2128 469 2263 529 fuit.

924 579 1040 639 Sed
1068 592 1472 654 quaecumque
1498 575 1632 648 fuit,
1664 575 1837 636 nullo
1864 584 2193 635 exercente
2221 575 2469 653 refugit,

1001 686 1073 746 Et
1099 686 1288 763 longo
1318 684 1498 762 periit
1525 684 1697 745 arida
1718 683 1879 744 facta
1906 682 2057 744 situ.

918 789 1048 850 Non
1070 790 1169 851 hic
1199 790 1520 863 librorum,
1553 806 1666 867 per
1696 806 1855 866 quos
1886 787 2111 849 inviter
2140 789 2417 865 alatque,

1001 896 1207 975 Copia.
1242 897 1359 957 Pro
1386 895 1560 957 libris
1587 912 1771 956 arcus
1802 906 1865 956 et
1892 911 2063 958 arma
2094 906 2343 955 sonant.

918 1003 1128 1063 Nullus
1155 1002 1219 1062 in
1247 1004 1362 1064 hac
1391 1013 1576 1076 terra,
1609 1002 1865 1064 recitem
1892 1002 1944 1063 si
1972 1001 2262 1074 carmina,
2297 1001 2479 1077 cujus

1007 1109 1409 1171 Intellecturis
1434 1108 1687 1171 auribus
1712 1118 1873 1183 utar,
1906 1110 2101 1169 adest.

922 1213 1041 1275 Nec
1069 1232 1194 1292 quo
1223 1217 1508 1278 secedam
1535 1217 1711 1277 locus
1738 1225 1855 1277 est.
1890 1214 2176 1275 Custodia
2199 1214 2359 1275 muri

1001 1322 1332 1383 submovet
1357 1322 1612 1383 infestos
1641 1323 1975 1397 clausaque
2008 1328 2189 1397 porta
2214 1319 2417 1379 Getas.

920 1431 1093 1507 Saepe
1115 1430 1360 1507 aliquod
1385 1432 1641 1491 verbum
1669 1445 1905 1506 quaero,
1940 1443 2289 1522 nomenque
2316 1427 2667 1503 locumque:

1001 1539 1121 1599 Nec
1149 1538 1469 1616 quisquam
1497 1548 1592 1599 est
1619 1554 1654 1599 a
1683 1554 1807 1614 quo
1835 1535 2065 1597 certior
2090 1551 2229 1597 esse
2257 1550 2499 1612 queam.

922 1644 1133 1707 Dicere
1161 1662 1327 1722 saepe
1351 1646 1582 1721 aliquid
1609 1644 1881 1717 conanti,
1916 1654 2094 1721 turpe
2132 1642 2334 1715 fateri,

1005 1752 1202 1813 Verba
1227 1750 1374 1811 mihi
1399 1751 1644 1823 desunt3
1678 1747 2063 1826 dedidicique
2090 1748 2289 1825 loqui.

924 1855 1198 1918 Threicio
1226 1855 1627 1933 Scythicoque
1655 1854 1785 1915 fere
1813 1853 2241 1915 circumsonor
2270 1869 2402 1926 ore,

1007 1965 1080 2025 Et
1105 1964 1318 2024 videor
1347 1962 1569 2025 Geticis
1597 1963 1875 2025 scribere
1902 1979 2089 2040 posse
2116 1962 2337 2023 modis.

931 2070 1122 2131 Crede
1148 2069 1316 2142 mihi,
1348 2068 1532 2131 timeo
1563 2086 1640 2131 ne
1669 2068 1793 2131 sint
1820 2068 2082 2129 immista
2112 2066 2358 2140 LatiniS,

1005 2178 1194 2254 Inque
1219 2176 1371 2238 meis
1399 2177 1646 2255 scriptis
1673 2176 1922 2238 Pontica
1952 2176 2136 2236 verba
2166 2176 2359 2253 legas.

923 2284 1433 2361 Qualemcumque
1457 2283 1665 2362 igitur,
1698 2282 1873 2343 venia
1899 2282 2153 2360 dignare
2179 2281 2475 2359 Rhegium,

1012 2392 1204 2454 Sortis
1231 2404 1294 2455 et
1323 2410 1550 2457 excusa
1575 2392 1929 2454 conditione
1956 2408 2132 2453 meae.
