3334 5175
1825 334 2084 411 ,4⁰—

932 493 1050 565 Sic,
1085 492 1137 552 si
1166 506 1350 568 quem
1378 489 1653 549 nondum
1683 494 2006 563 portarum
2035 498 2184 561 sepe
2211 493 2534 563 receptum

1016 600 1319 661 Barbarus
1340 598 1403 657 in
1428 593 1661 673 eampis
1691 592 1968 672 repperit
1993 592 2212 666 hostie,
2245 592 2392 671 agit.

928 705 1045 765 Aut
1076 703 1353 781 sequitur
1382 712 1623 780 captuS‚
1654 701 2062 778 conjectaque
2089 698 2334 761 vincula
2375 699 2540 761 collo

1008 808 1265 887 Accipit3
1296 817 1403 869 aut
1426 808 1553 869 telo
1580 806 1748 867 virus
1776 806 2044 867 habente
2067 804 2256 867 cadit.

926 918 1031 979 Hic
1060 935 1177 996 ego
1206 915 1485 978 sollicitae
1504 917 1686 993 jaceo
1715 930 1914 977 novus
1941 916 2144 976 incola
2171 914 2356 977 sedis.

1014 1031 1143 1091 Heu
1172 1029 1429 1091 nimium
1458 1029 1564 1091 fati
1592 1040 1876 1107 tempora
1903 1029 2088 1107 longa
2117 1028 2262 1090 mei-i

928 1138 1001 1199 Et
1032 1148 1230 1199 tamen
1262 1139 1341 1199 ad
1369 1154 1660 1199 numeros
1689 1137 2064 1214 antiquaque
2093 1149 2272 1198 saera
2309 1134 2536 1199 reverti

1015 1243 1288 1306 Sustinet
1316 1243 1379 1304 in
1416 1244 1600 1306 tantis
1628 1244 1872 1321 hospita
1899 1244 2069 1305 Musa
2099 1243 2297 1305 malis.

933 1349 1051 1409 Sed
1090 1366 1290 1426 neque
1322 1349 1423 1410 eui
1450 1349 1704 1411 recitem
1733 1349 2058 1426 quisquam
2085 1358 2180 1409 est
2207 1364 2344 1410 mea
2371 1348 2671 1423 earmina,
2701 1364 2814 1411 nec
2845 1350 2952 1428 qui

1016 1454 1279 1517 Auribus
1307 1454 1569 1532 accipiat
1594 1455 1784 1515 verba
1811 1452 2021 1514 Latina
2049 1453 2199 1516 suis.

934 1560 1070 1635 lpse
1096 1558 1264 1631 mihi,
1303 1558 1450 1636 quid
1484 1559 1647 1619 enim
1675 1558 1922 1620 faciam?
1949 1558 2279 1639 scriboque
2303 1562 2594 1641 legeque,

1015 1670 1291 1745 Tutaque
1312 1668 1547 1746 judicio
1576 1668 1781 1729 littera
1809 1678 2025 1730 nostra
2053 1686 2167 1730 suo
2197 1680 2312 1731 est.

932 1775 1107 1853 Saepe
1140 1786 1343 1836 tamen
1378 1774 1523 1835 dixi:
1562 1774 1668 1835 Cui
1697 1788 1862 1835 nune
1889 1776 2024 1837 haee
2055 1790 2204 1837 cura
2229 1776 2508 1839 laborat?

1022 1883 1113 1942 An
1141 1898 1275 1943 mea
1302 1882 1680 1943 Sauromatae
1703 1881 1930 1960 scripta
1957 1882 2248 1959 Getaeque
2273 1884 2508 1961 legent?

938 1990 1114 2066 Saepe
1146 1989 1329 2049 etiam
1356 1989 1643 2067 lacrymae
1673 1998 1817 2050 sunt
1845 2003 1944 2050 me
1983 1989 2292 2051 scribente
2319 1990 2617 2068 profusae,

1017 2096 1396 2173 Humidaque
1426 2107 1523 2157 est
1550 2097 1700 2158 fletu
1737 2096 1943 2158 littera
1971 2098 2130 2159 facta
2157 2114 2318 2159 meo.

938 2205 1177 2280 Corque
1210 2213 1447 2265 vetusta
1476 2220 1682 2265 meum
1711 2213 2020 2281 tamquam
2049 2221 2207 2266 nova
2241 2205 2495 2266 vulnera
2523 2206 2729 2278 sentit,

1022 2310 1215 2385 Inque
1244 2307 1445 2369 sinum
1474 2319 1715 2371 moestoe
1741 2309 1968 2371 labitur
1995 2310 2195 2371 imber·
2223 2315 2420 2389 aquae.

941 2416 1135 2486 Quum
1172 2415 1303 2475 vice
1338 2425 1591 2489 mutata,
1624 2414 1773 2493 quid
1801 2414 1916 2475 sim
1941 2416 2286 2492 fuerimque
2311 2416 2629 2488 recordor,

862 2512 867 2517 ’
1019 2521 1093 2579 Et
1118 2519 1329 2581 tulerit
1356 2536 1481 2597 quo
1511 2535 1611 2579 me
1638 2534 1845 2593 casus,
1877 2529 1942 2580 et
1969 2521 2164 2593 unde,
2199 2519 2386 2594 subin
2502 2562 2505 2567 -

939 2628 1113 2703 Saepe
1142 2643 1361 2688 manus
1392 2628 1647 2687 demens
1677 2626 1894 2687 studiis
1923 2627 2076 2688 irata
2105 2627 2388 2706 malignis

1030 2732 1189 2794 Misit
1218 2732 1280 2792 in
1308 2748 1561 2793 arsuros
1596 2729 1867 2794 earmina
1910 2741 2122 2794 nostra·
2153 2732 2351 2794 focos.

942 2841 1137 2918 Atque
1168 2858 1260 2915 ea,
1281 2842 1358 2902 de
1374 2840 1579 2903 multis
1611 2841 1900 2918 quoniam
1928 2856 2054 2902 non
2079 2843 2275 2904 muita
2311 2853 2671 2920 supersunt,

1032 2947 1181 3007 Cum
1211 2945 1385 3006 venia
1414 2945 1619 3019 facitu,
1656 2946 1936 3024 quisquis
1961 2963 2052 3021 σε,
2077 2947 2194 3010 ista
2220 2944 2412 3026 legaes.

938 3055 1027 3114 Tu
1046 3069 1314 3130 quoque,
1346 3071 1473 3113 non
1490 3053 1728 3126 melius,
1749 3069 1932 3131 quam
1949 3064 2094 3116 sunt
2109 3067 2244 3118 mea
2277 3066 2578 3136 tempora,
2603 3065 2854 3120 carmen

1030 3162 1355 3226 interdicta
1376 3160 1543 3235 mihi,
1578 3165 1855 3236 comme,
1889 3159 2100 3239 Roma,
2125 3166 2294 3227 boni.

1701 3373 2064 3436 nmmum
2091 3379 2208 3436 11.

953 3594 1084 3655 Jam
1115 3592 1241 3652 fera
1258 3590 1600 3652 Caesaribus
1630 3592 1972 3666 Germania,
1987 3602 2158 3656 totus
2181 3607 2248 3657 ut
2278 3598 2467 3671 orbiS,

1035 3700 1201 3762 Victa
1218 3709 1395 3779 potes
1439 3700 1599 3765 flexo
1629 3703 2030 3766 succubuisse
2048 3721 2230 3785 genu.
