3334 5175
920 518 1064 587 Quae
1093 519 1332 595 quoties
1359 531 1624 598 specum,
1657 524 1874 586 subeat
1900 524 2007 587 tibi
2034 526 2239 587 dicere
2266 528 2494 601 forsan,

1000 624 1188 694 Quam
1216 626 1434 702 procul
1461 644 1497 686 a
1525 627 1707 689 nobis
1733 628 1891 691 Naso
1920 632 2147 693 sodalis
2174 633 2373 693 abest!

919 734 1097 793 Grata
1123 743 1228 795 tua
1254 744 1349 795 est
1375 734 1591 812 pietas:
1624 737 1735 798 sed
1763 738 2033 800 carmina
2060 742 2259 817 major
2286 741 2489 819 imago

999 843 1151 902 Sunt
1177 859 1332 917 mea3
1367 860 1506 920 quae
1533 847 1757 907 mando
1786 847 2251 926 qualiacumque
2278 849 2471 927 legas:

916 947 1189 1009 Carmina
1217 960 1480 1011 mutatas
1507 950 1823 1013 hominum
1851 952 2114 1015 dicentia
2142 953 2394 1034 sermm,

995 1054 1208 1116 Infelix
1236 1056 1464 1118 domini
1493 1058 1659 1134 quod
1686 1058 1830 1138 fuga
1864 1060 2032 1136 rupit
2056 1065 2236 1137 opus.

907 1161 1049 1221 Haec
1077 1178 1194 1241 ego
1223 1162 1567 1237 disceden8‚
1601 1164 1761 1227 sicut
1788 1166 1947 1227 bene
1974 1163 2165 1227 multa
2192 1182 2493 1239 meorum,

991 1272 1128 1348 Ipse
1155 1288 1290 1333 mea
1318 1272 1498 1350 posui
1524 1283 1785 1336 moestus
1813 1274 1876 1334 in
1903 1274 2045 1353 igne
2077 1291 2282 1349 mauu;

908 1376 1107 1452 thue
1135 1393 1442 1439 cremasse
1471 1396 1650 1439 suum
1680 1379 1875 1442 fertur
1904 1381 2021 1442 sub
2052 1380 2259 1459 stipite
2288 1390 2497 1443 natum

988 1482 1284 1557 ThestiaS‚
1317 1494 1379 1545 et
1406 1483 1624 1547 melior
1649 1495 1845 1547 matre
1874 1486 2061 1549 fuisse
2093 1504 2298 1560 sor0r;

904 1588 1002 1649 Sic
1020 1605 1137 1667 ego
1165 1607 1292 1650 non
1319 1590 1571 1651 meritos
1599 1606 1841 1652 mecum
1870 1593 2145 1668 peritura
2176 1594 2417 1654 libellos

984 1693 1251 1771 lmmsui
1277 1693 1504 1771 rapidis
1531 1693 1767 1755 viscera
1794 1706 2005 1755 nostra
2034 1696 2224 1773 rogis:

902 1799 1008 1859 Vel
1037 1801 1203 1875 quod
1231 1816 1398 1861 eram
1423 1799 1647 1873 Musas,
1680 1811 1751 1860 ut
1770 1799 2025 1861 crimina
2054 1810 2290 1873 nostra,
2323 1819 2607 1880 perosus;

982 1908 1090 1969 Vel
1118 1910 1285 1987 quod
1312 1910 1511 1971 adhuc
1541 1926 1852 1982 crescens,
1884 1920 1947 1971 et
1975 1910 2129 1970 rude
2156 1924 2407 1971 carmen
2444 1924 2606 1985 erat,

901 2016 1047 2085 Quae
1075 2014 1363 2092 quoniam
1389 2032 1514 2077 non
1543 2027 1689 2079 suut
1714 2016 1959 2095 penitus
1988 2016 2247 2089 sublata,
2280 2016 2389 2076 sed
2416 2026 2679 2087 exstant,

983 2123 1302 2202 (Pluribus
1330 2124 1626 2203 exemplis
1652 2125 1881 2203 scripta
1908 2123 2097 2186 fuisse
2123 2123 2309 2199 reor);

899 2231 1069 2291 Nunc
1096 2248 1322 2309 precor
1348 2242 1418 2293 ut
1442 2231 1667 2305 vivant,
1701 2242 1765 2293 et
1792 2248 1917 2291 non
1946 2231 2162 2309 ignava
2190 2230 2497 2307 legentem

981 2336 1111 2398 Otia
1141 2338 1474 2411 delectent,
1507 2338 2001 2413 admoneantque
2028 2336 2169 2396 mei.

897 2446 1019 2504 Nec
1049 2452 1252 2503 tamen
1280 2442 1382 2502 illa
1407 2442 1529 2519 legi
1558 2451 1851 2518 poterunt
1879 2440 2183 2517 patienter
2206 2441 2283 2499 ab
2316 2440 2462 2509 ullo,

979 2546 1221 2608 Nesciat
1248 2546 1343 2607 his
1371 2561 1671 2606 summam
1698 2545 1751 2606 si
1789 2543 1925 2621 quis
1954 2544 2173 2605 abesse
2198 2557 2469 2602 manum.

899 2654 1182 2715 Ablatum
1209 2651 1424 2713 mediis
1452 2667 1610 2727 opus
1635 2659 1730 2710 est
1758 2646 2087 2710 incudibus
2117 2646 2291 2717 illud;

978 2758 1178 2820 Defuit
1205 2769 1268 2820 et
1296 2755 1540 2835 scriptis
1568 2754 1786 2817 ultima
1813 2753 1956 2814 lima
1984 2752 2157 2815 meis.

894 2868 970 2928 Et
995 2867 1233 2928 veniam
1260 2883 1377 2944 pro
1404 2866 1584 2926 laude
1613 2874 1783 2943 peto:
1814 2864 2098 2926 laudatus
2127 2863 2394 2934 abunde,

977 2971 1109 3031 Non
1137 2970 1440 3032 fastiditus
1469 2969 1520 3030 si
1552 2968 1680 3041 tibi,
1714 2970 1937 3042 lector,
1971 2986 2101 3030 ero.

894 3081 1017 3141 Hos
1045 3097 1291 3157 quoque
1319 3095 1429 3140 sex
1453 3095 1692 3151 versus,
1724 3077 1787 3136 in
1815 3075 1999 3155 primi
2028 3076 2231 3137 fronte
2260 3075 2451 3137 libelli

977 3188 1038 3250 Si
1067 3186 1519 3266 praeponendos
1547 3202 1685 3247 esse
1712 3182 1979 3262 putabis,
2013 3182 2195 3244 habe:

895 3298 1046 3357 Orba
1073 3305 1327 3372 parente
1355 3311 1468 3354 suo
1497 3293 1869 3369 quicumque
1898 3289 2205 3350 volumina
2228 3290 2450 3368 tangiS,

977 3399 1079 3460 His
1107 3401 1323 3460 saltem
1349 3407 1550 3458 vestra
1579 3398 1761 3459 detur
1788 3395 1851 3454 in
1879 3395 2034 3455 urbe
2065 3394 2257 3456 locus.

899 3507 1150 3581 Quoque
1178 3501 1370 3582 magis
1396 3503 1621 3575 faveae,
1652 3518 1779 3562 non
1808 3503 1943 3561 haec
1974 3508 2118 3560 sunt
2146 3498 2309 3559 edita
2338 3500 2413 3560 ab
2444 3498 2613 3575 ipse,

980 3613 1097 3672 Sed
1127 3610 1299 3688 quasi
1330 3611 1405 3672 de
1434 3608 1662 3671 domini
1690 3607 1908 3668 funere
1939 3615 2115 3684 rapta
2146 3604 2267 3666 sui:

898 3719 1198 3800 Quidquid
1226 3719 1288 3778 in
1317 3718 1411 3780 his
1440 3718 1626 3797 igitur
1653 3715 1778 3777 vitii
1808 3715 1963 3777 rude
1992 3729 2244 3774 carmen
2272 3710 2541 3782 habebit,
