3334 5175
1324 318 1565 378 *87*

405 454 540 524 Quo
566 465 818 511 vereare
848 446 1050 509 minus
1077 464 1156 507 ne
1191 446 1305 507 sim
1335 448 1443 508 tibi
1474 446 1710 509 crimen
1745 448 2001 522 amicuS,

491 555 804 628 Invidiam,
847 553 896 613 si
927 568 1046 631 qua
1082 562 1196 625 est,
1227 563 1444 613 auctor
1478 554 1705 615 habere
1732 566 1961 634 potest.

410 667 564 725 Nam
597 675 737 725 tuus
772 672 866 722 est
890 660 1103 739 primis
1136 661 1342 720 cultus
1371 659 1517 719 mihi
1551 678 1797 738 semper
1835 662 1911 721 ab
1944 662 2144 735 annis,

491 774 618 834 Hoc
648 780 816 831 certe
843 768 970 829 noli
995 768 1401 843 dissimulare,
1435 780 1635 847 pater:

403 879 844 959 Ingeniumque
886 894 1114 950 meum,
1148 888 1328 955 potes
1353 878 1488 937 haec
1514 877 1888 949 meminisse,
1921 878 2246 956 probabam

487 987 630 1047 Plus
660 984 844 1046 etiam
879 999 1085 1061 quam,
1123 998 1221 1043 me
1246 982 1478 1060 jud1ce,
1511 983 1735 1062 dignus
1766 1000 1961 1045 eram.

405 1096 614 1170 Deque
643 1089 797 1151 meis
826 1088 932 1149 illo
961 1088 1269 1149 referebat
1295 1090 1577 1151 versibus
1609 1106 1743 1163 ore,

492 1204 559 1263 ln
596 1218 719 1278 quo
749 1216 894 1278 pars
925 1201 1064 1259 altae
1094 1198 1426 1260 nobilitatis
1455 1210 1609 1260 erat.

408 1312 540 1371 Non
569 1309 752 1388 igitur
783 1307 889 1369 tibi
918 1324 1106 1381 nunc,
1140 1308 1308 1383 quod
1337 1324 1434 1367 me
1467 1308 1689 1369 domus
1718 1308 1834 1370 ista
1864 1310 2121 1387 recepit,

489 1416 610 1477 Sed
635 1414 807 1494 prius
835 1413 1074 1474 auctori
1105 1422 1250 1474 sunt
1281 1413 1422 1473 data
1450 1414 1636 1473 verba
1657 1424 1783 1475 tu0.

405 1528 528 1587 Nec
559 1526 698 1586 data
727 1534 894 1596 sunt,
929 1522 1075 1583 mihi
1105 1524 1314 1596 crede,
1347 1532 1576 1583 tamen:
1612 1524 1723 1584 sed
1753 1522 1815 1582 in
1844 1524 2133 1585 omnibus
2168 1523 2346 1598 actis,

493 1631 712 1693 Ultima
741 1629 792 1690 si
821 1631 1054 1702 demas,
1087 1629 1208 1690 vita
1238 1630 1467 1690 tuenda
1495 1646 1629 1690 mea
1658 1638 1775 1690 est.

407 1741 574 1800 Hanc
604 1754 870 1815 quoque,
905 1753 1025 1815 qua
1053 1735 1230 1814 perii,
1266 1738 1534 1814 culpam,
1565 1736 1770 1798 scelus
1800 1754 1937 1799 esse
1970 1738 2249 1817 negabis,

496 1848 558 1910 Si
587 1847 738 1909 tanti
769 1847 961 1909 series
987 1846 1068 1908 sit
1097 1846 1206 1907 tibi
1243 1857 1392 1908 nota
1422 1846 1585 1907 mali.

407 1958 528 2019 Aut
559 1955 761 2028 timor,
793 1965 899 2015 aut
929 1970 1106 2015 error
1135 1953 1338 2026 nobis;
1373 1954 1546 2033 prius
1577 1954 1773 2017 obfuit
1801 1971 2000 2017 error:

494 2061 607 2123 Ab!
643 2061 772 2122 sine
803 2078 900 2121 me
931 2060 1035 2121 fati
1061 2078 1191 2121 non
1227 2061 1585 2122 meminisse
1614 2061 1758 2121 mei:

407 2170 570 2231 Neve
599 2169 994 2230 retractando
1024 2169 1303 2229 nondum
1333 2168 1619 2230 coeuntia
1648 2185 1930 2247 rumpam

497 2278 787 2350 Vulnera;
819 2277 922 2338 vix
949 2276 1070 2337 illis
1099 2277 1380 2354 proderit
1411 2277 1545 2356 ipsa
1581 2276 1776 2355 quies,

409 2386 574 2463 Ergo
603 2394 672 2444 ut
692 2385 834 2460 jure
871 2384 1093 2444 damus
1123 2400 1364 2461 poenas;
1403 2384 1491 2445 sic
1516 2384 1709 2445 abfuit
1736 2400 1921 2445 omne

497 2493 754 2553 Peccato
783 2490 1020 2552 facinus
1049 2492 1497 2570 consiliumque
1527 2510 1689 2554 meo.

411 2601 602 2677 quue
633 2601 783 2661 deus
813 2600 1018 2660 sentit:
1053 2619 1168 2678 pro
1200 2619 1324 2678 quo
1353 2618 1470 2662 nec
1499 2603 1708 2663 lumen
1738 2603 2049 2664 ademtum
2078 2615 2194 2677 est,

496 2707 618 2768 Nec
648 2706 794 2766 mihi
823 2707 1130 2768 detractas
1157 2709 1436 2786 possidet
1465 2710 1620 2770 alter
1649 2727 1823 2787 opeS.

409 2814 687 2876 Forsitan
717 2816 876 2874 hanc
905 2815 1124 2893 ipsam,
1161 2816 1323 2877 vivat
1353 2819 1563 2891 modo,
1597 2817 1766 2878 finiet
1796 2817 1965 2891 olim,

490 2922 796 2997 Tempore
824 2937 1011 2998 quum
1035 2920 1220 2983 fuerit
1251 2922 1456 2983 lenior
1481 2923 1596 2996 ira,
1628 2923 1857 3002 fugam.

407 3029 580 3088 Nunc
621 3045 848 3107 precor
881 3027 1023 3089 hinc
1055 3029 1176 3089 alio
1197 3030 1417 3106 jubeat
1445 3031 1789 3105 discedere,
1825 3031 1876 3093 si
1904 3050 2031 3093 nen

491 3135 715 3198 Nostra
743 3136 1096 3197 verecundo
1129 3145 1267 3196 vota
1296 3137 1538 3213 pudore
1566 3138 1811 3198 cadent.

405 3241 608 3303 Mitius
641 3241 926 3303 exsilium
955 3242 1266 3320 pauloque
1295 3241 1728 3321 propinquiuS,
1762 3255 1933 3322 opto,

490 3349 727 3428 Quique
760 3351 838 3412 sit
867 3368 902 3410 a
932 3367 1098 3411 saevo
1126 3352 1377 3430 longius
1403 3353 1609 3426 hoste,
1642 3353 1874 3413 locum.

407 3457 768 3533 Quantaque
793 3456 860 3516 in
891 3457 1166 3536 Augusto
1197 3459 1546 3519 clementia!
1581 3459 1633 3519 si
1657 3459 1795 3537 quis
1824 3461 1902 3521 ab
1928 3461 2034 3522 illo

493 3566 638 3626 Haec
671 3574 914 3642 peteret
943 3581 1060 3643 pro
1093 3581 1215 3637 me,
1249 3565 1506 3627 forsitan
1537 3565 1640 3626 ille
1667 3567 1862 3627 daret.

410 3669 651 3746 Frigida
675 3687 778 3733 me
809 3670 1100 3732 cohibent
1130 3669 1355 3731 Euxini
1385 3671 1564 3734 litora
1591 3672 1789 3734 Ponti:
