3334 5175
1740 358 1985 419 ..ὅθ-

909 490 1021 549 Per
1051 508 1175 550 non
1209 499 1470 551 tentatas
1499 489 1698 568 prima
1728 489 2005 551 cucurrit
2030 504 2244 567 aquaS,

819 592 1006 673 Impia
1036 595 1348 655 desertum
1381 593 1624 673 fugiens
1653 595 1865 657 Medea
1894 605 2237 673 parentem,

899 700 1136 763 Dicitur
1163 702 1257 763 his
1288 719 1494 763 remos
1522 701 1897 781 applicuisse
1924 702 2117 763 vadis.

814 807 1006 877 Quem
1036 809 1256 885 procul
1291 819 1359 869 ut
1387 807 1535 869 vidit
1567 809 1805 869 tumulo
1832 808 2189 886 speculator
2210 808 2291 869 ab
2318 809 2467 881 alto,

901 916 1162 994 HospeS,
1185 915 1291 989 ait,
1325 932 1543 988 nosco,
1577 915 1891 988 Colchide,
1922 916 2080 987 vela,
2131 914 2317 977 venit:

811 1022 966 1082 Dum
999 1021 1310 1099 trepidant
1339 1019 1578 1099 Minyae,
1609 1021 1760 1083 dum
1796 1020 2057 1083 solvitur
2080 1036 2308 1099 aggere
2344 1020 2535 1095 funis,

894 1129 1048 1189 Dum
1076 1128 1353 1206 sequitur
1385 1128 1620 1189 celeres
1647 1126 1921 1188 anchora
1947 1137 2143 1189 tracta
2170 1144 2413 1201 mmmm

813 1234 1069 1295 Conscia
1095 1233 1403 1312 percussit
1431 1232 1793 1295 meritorum
1821 1244 2077 1311 pectora
2104 1232 2368 1305 ColchiS,

897 1342 1055 1402 Ausa
1083 1353 1268 1420 atque
1296 1358 1522 1403 ausura
1549 1342 1743 1403 multa
1772 1340 2033 1403 nefanda
2062 1357 2267 1403 manu.

812 1450 906 1522 Et,
937 1465 1306 1527 quamquam
1335 1459 1620 1528 superest
1647 1448 1865 1528 ingens
1900 1448 2155 1513 audacia
2182 1448 2396 1522 menti,

897 1557 1098 1616 Pallor
1123 1555 1186 1615 in
1215 1554 1492 1618 adtonito
1533 1554 1787 1634 virginis
1814 1572 1925 1617 ore
1952 1556 2155 1619 sedet.

815 1662 976 1741 Ergo
1003 1661 1108 1723 ubi
1136 1660 1458 1741 prospexit
1486 1660 1789 1725 venientia
1818 1662 1975 1735 vela,
2014 1662 2344 1734 Tenemur,

899 1770 974 1831 Et
1001 1780 1178 1849 pater
1205 1780 1302 1831 est
1328 1768 1530 1847 aliqua
1557 1768 1775 1833 fraude
1803 1769 2161 1843 moranduS,
2192 1769 2297 1832 ait.

821 1878 976 1937 Dum
1005 1876 1152 1955 quid
1181 1886 1322 1955 agat
1349 1875 1592 1957 quaerit,
1624 1876 1773 1937 dum
1802 1885 2007 1937 versat
2032 1874 2093 1935 in
2124 1876 2329 1937 omnia
2356 1877 2583 1949 vultuS,

906 1984 995 2046 Ad
1018 1984 1270 2046 fratrem
1299 1999 1450 2045 casu
1478 1983 1710 2047 lumina
1738 1983 1897 2045 flexa
1925 1982 2082 2045 tulit.
2130 2024 2139 2031 -

815 2091 1002 2169 Cuius
1021 2102 1090 2153 ut
1119 2092 1322 2155 oblata
1345 2101 1444 2154 est
1465 2090 1817 2170 praesentia,
1849 2088 2182 2164 vincimus,
2214 2090 2431 2169 inquit:

901 2200 1008 2261 Hic
1037 2200 1185 2261 mihi
1211 2210 1410 2263 morte
1437 2217 1550 2263 sua
1577 2217 1764 2263 causa
1794 2199 2007 2263 salutis
2035 2199 2173 2262 erit.

818 2305 1102 2367 Protinus
1123 2306 1322 2385 ignari
1357 2323 1472 2368 nec
1501 2304 1837 2385 quidquam
1872 2306 1995 2368 tale
2022 2304 2287 2369 timentis

903 2413 1244 2474 Innocuum
1283 2411 1484 2492 rigido
1518 2410 1797 2490 perforat
1822 2427 1971 2473 ense
1996 2410 2182 2484 latus;

821 2518 1016 2595 Atque
1047 2516 1130 2577 ita
1159 2516 1410 2590 divellit,
1455 2516 1813 2594 divulsaque
1839 2517 2113 2579 membra
2132 2533 2244 2596 per
2272 2533 2455 2598 agros

918 2624 1204 2701 Dissipat,
1242 2624 1305 2683 in
1335 2623 1543 2684 multis
1570 2622 1931 2684 invenienda
1957 2623 2134 2686 locis.

820 2733 947 2793 Neu
989 2741 1163 2810 pater
1191 2731 1455 2811 ignoret,
1489 2732 1748 2810 scopulo
1776 2730 2068 2810 proponit
2092 2731 2317 2793 in-alto

903 2841 1329 2919 Pallentesque
1372 2855 1615 2915 manus,
1649 2839 2177 2920 sanguineumque
2202 2853 2409 2921 caput;

823 2947 899 3010 Ut
929 2945 1176 3024 genitor
1204 2947 1500 3025 luctuque
1527 2963 1691 3008 novo
1719 2947 2018 3021 tardetur,
2054 2956 2117 3008 et
2142 2957 2314 3010 artus

909 3053 1065 3113 Dum
1093 3053 1243 3132 legit
1271 3051 1636 3127 exstinctos,
1668 3052 1845 3116 triste
1872 3062 2147 3116 moretur
2172 3052 2310 3116 iter.

826 3161 972 3225 Inde
999 3160 1203 3223 Tomis
1237 3161 1439 3224 dictus
1468 3164 1644 3225 locus
1672 3161 1794 3236 hic,
1826 3160 1969 3240 quia
1994 3163 2189 3226 fertur
2214 3161 2277 3224 in
2303 3162 2407 3226 illo

847 3351 855 3370 ι
916 3268 1192 3329 Membra
1223 3285 1406 3330 soror
1435 3268 1642 3329 fratris
1684 3267 2079 3331 consecuisse
2118 3267 2239 3332 sui.
2344 3293 2355 3302 ·

1536 3489 1903 3546 EmmlA
1926 3491 2026 3544 x.

830 3699 886 3762 Si
924 3698 1060 3776 quis
1104 3700 1304 3760 adhuc
1334 3699 1470 3760 istic
1501 3701 1777 3761 meminit
1804 3701 2061 3764 Nasonis
2088 3703 2375 3782 adempti,
