3334 5175
760 795 1262 999 LIBER
1383 798 2063 1006 ramus,

1185 1564 1550 1623 mmmm
1577 1567 1648 1623 1.

384 1890 590 1961 Parve,
625 1890 758 1965 (nec
787 1890 1046 1968 invideo)
1077 1892 1206 1953 sine
1236 1908 1356 1963 me,
1389 1892 1567 1965 liber,
1601 1890 1717 1953 ibis
1746 1893 1809 1953 in
1838 1894 2084 1953 urbem:

469 1994 572 2055 Hei
602 1994 769 2054 mihi!
803 2012 926 2072 quo
954 1997 1204 2057 domino
1232 2014 1358 2057 non
1387 1996 1532 2059 licet
1562 1997 1652 2058 ire
1682 2008 1810 2059 tuo,

381 2102 566 2173 Vade,
592 2101 703 2161 sed
732 2101 1022 2175 incultus,
1063 2103 1307 2179 qualem
1331 2104 1515 2164 decet
1543 2103 1772 2163 exsulis
1802 2120 1960 2163 esse:

465 2210 678 2271 Infelix
705 2210 978 2272 habitum
1011 2211 1310 2287 temporis
1339 2212 1523 2287 hujus
1553 2208 1730 2271 habe.

385 2318 506 2379 Nec
539 2328 598 2378 te
626 2334 940 2397 purpureo
969 2318 1171 2379 velent
1197 2318 1468 2379 vaccinia
1499 2334 1711 2379 succo:

468 2428 596 2487 Non
625 2438 720 2488 est
749 2428 1121 2489 conveniens
1149 2429 1417 2490 luctibus
1445 2430 1547 2491 ille
1568 2430 1765 2491 color.

384 2537 502 2598 Nec
532 2537 743 2599 titulus
771 2536 980 2611 minio,
1014 2556 1128 2600 nec
1158 2540 1347 2601 cedro
1377 2541 1588 2602 charta
1615 2549 1886 2613 notetur3

464 2642 730 2703 Candida
749 2659 864 2703 nec
893 2643 1068 2721 nigra
1095 2661 1329 2706 cornua
1355 2645 1560 2706 fronte
1589 2663 1791 2724 geras,

381 2750 609 2810 Felices
639 2759 863 2810 ornent
889 2751 1023 2810 haec
1056 2750 1464 2812 instrumenta
1491 2752 1755 2813 libellos:

461 2857 746 2917 Fortunae
780 2870 1114 2917 memorem
1143 2867 1204 2917 te
1233 2859 1410 2918 decet
1437 2873 1576 2918 esse
1602 2873 1778 2919 meae.

386 2962 506 3022 Nec
533 2959 730 3039 fragili
758 2960 1015 3038 geminae
1043 2962 1352 3040 poliantur
1379 2963 1622 3041 pumice
1649 2964 1906 3036 frontes;

472 3067 748 3127 Hirsutus
778 3068 1006 3146 sparsis
1037 3079 1105 3128 ut
1132 3068 1376 3130 videare
1410 3070 1623 3132 comis,

394 3173 552 3232 Neve
577 3171 891 3234 liturarum
920 3175 1168 3251 pudeat:
1194 3174 1298 3250 qui
1319 3175 1535 3234 viderit
1564 3175 1718 3245 illaS,

476 3283 560 3342 De
589 3282 867 3360 lacrymis
909 3283 1100 3344 factas
1125 3283 1346 3345 sentiet
1370 3299 1506 3344 esse
1527 3281 1701 3344 meis.

399 3386 580 3458 Vade,
627 3385 802 3459 liber,
837 3388 1160 3465 verbisque
1187 3390 1338 3450 meis
1359 3390 1496 3450 loca
1511 3399 1684 3466 grata
1714 3390 1929 3450 saluta.

477 3494 835 3572 Contingam
861 3507 1027 3556 certe
1054 3513 1180 3573 quo
1206 3496 1348 3556 licet
1367 3496 1468 3556 illa
1495 3497 1674 3572 pede.

395 3600 459 3665 Si
487 3598 647 3678 quis,
675 3610 745 3660 ut
765 3600 825 3660 in
845 3600 1100 3678 populo,
1131 3602 1326 3662 nostri
1355 3614 1478 3661 non
1498 3599 1819 3661 immemor
1848 3602 1989 3676 illic,

479 3705 541 3767 Si
572 3706 727 3785 quis,
757 3709 858 3784 qui
889 3708 1035 3786 quid
1061 3723 1238 3787 agam
1267 3710 1424 3770 sorte
1452 3708 1745 3786 requirat,
1772 3709 1909 3780 erit;
