3334 5175
1263 367 1504 423 „11-

353 488 429 551 At
457 507 621 551 nunc
655 535 670 562 ,
703 500 771 549 ut
799 504 1067 566 peream,
1103 490 1390 565 quoniam
1420 500 1588 551 earet
1618 491 1719 551 illa
1749 492 2009 567 perieIO,

436 597 689 658 Dimidia
719 607 886 657 certe
913 608 1089 674 parte
1118 608 1432 675 superstes
1461 616 1592 659 ero.

352 704 457 764 Hei
485 704 654 764 mihi!
688 720 870 780 quam
900 703 1086 763 celeri
1113 703 1458 765 micuerunt
1489 704 1697 765 nubila
1726 706 1991 765 flamma!
2050 766 2053 773 ,

438 815 710 884 Quantus
739 812 816 871 ab
846 812 1100 873 aetherio
1129 823 1423 890 personat
1450 829 1566 873 axe
1594 814 1827 890 fragor!
2007 879 2021 893 .
2038 816 2153 869 ew*
2186 848 2235 905 ,ς

356 920 476 979 Nec
504 918 700 979 levius
728 918 990 979 laterum
1020 920 1243 978 tabulae
1272 919 1576 981 feriuntur
1603 921 1681 980 ab
1711 920 1915 989 undiS,
1954 880 2189 967 W

440 1026 629 1097 Quam
660 1042 843 1103 grave
869 1024 1107 1086 balistae
1135 1024 1362 1087 moenia
1389 1027 1594 1103 pulsat
1625 1044 1805 1088 onus,

359 1133 469 1205 Qui
497 1132 661 1193 venit
688 1132 784 1192 hie
814 1133 1060 1205 fluetuS,
1093 1133 1316 1194 fluctus
1346 1134 1761 1210 supereminet
1792 1150 2030 1195 omnes:

441 1236 752 1298 Posterior
779 1253 948 1297 nono
975 1247 1090 1309 est,
1123 1237 1574 1315 undecimoque
1604 1238 1800 1316 prior.

357 1345 478 1405 Nec
507 1346 701 1406 letum
729 1343 937 1405 timeo:
969 1362 1168 1422 genus
1195 1356 1290 1407 est
1319 1346 1664 1407 miserabile
1695 1348 1822 1409 leti.

440 1452 676 1513 Demite
703 1452 1110 1531 naufragium:
1143 1468 1312 1513 mors
1341 1452 1488 1512 mihi
1517 1470 1743 1513 munus
1770 1453 1907 1513 erit.

362 1559 470 1618 Est
497 1556 752 1634 aliquid,
781 1556 982 1620 fatove
1011 1575 1148 1630 suo,
1182 1558 1422 1619 ferrove
1443 1559 1771 1641 ⁶cedentem

453 1663 518 1720 In
549 1662 725 1723 solita
754 1662 1022 1732 moriens
1049 1681 1282 1741 ponere
1311 1645 1539 1742 corpus
1566 1665 1781 1726 humo:

362 1758 468 1829 Est
495 1768 777 1829 mandata
805 1768 930 1829 suis
958 1744 1186 1845 aliquid
1215 1786 1468 1846 sperare
1497 1771 1807 1847 sepulcra,

453 1875 527 1935 Et
556 1891 682 1933 non
714 1874 1018 1952 aequoreis
1046 1874 1318 1952 piscibus
1349 1892 1486 1937 esse
1513 1876 1740 1937 eibum.

366 1981 596 2060 Fingite
625 1998 723 2043 me
751 1983 1002 2061 dignum
1031 1984 1136 2045 tali
1163 2000 1339 2045 nece:
1371 2002 1498 2047 non
1527 2002 1646 2063 ego
1676 1986 1845 2047 solus

450 2089 556 2149 Hic
585 2091 798 2163 vehor3
833 2089 1170 2152 immeritos
1199 2109 1312 2151 our
1333 2108 1476 2167 ,mea
1503 2108 1689 2168 poena
1718 2094 1932 2151 trahit?

365 2196 524 2255 Proh
553 2193 781 2271 superi,
814 2194 1159 2272 viridesque
1187 2194 1308 2265 dei,
1341 2193 1562 2271 quibus
1589 2210 1842 2271 aequora
1870 2198 2061 2255 curae!

461 2301 732 2378 Utraque
754 2301 884 2377 jam
912 2309 1148 2359 vestras
1177 2298 1372 2361 sistite
1399 2300 1579 2361 turba
1608 2300 1826 2361 minas:

377 2410 687 2487 Quamque
718 2408 886 2470 dedit
911 2408 1094 2468 vitam
1125 2406 1444 2469 mitissima
1472 2408 1727 2469 Caesaris
1755 2408 1869 2481 ira,

456 2516 620 2576 Hanc
649 2515 832 2577 sinite
859 2514 1070 2577 infelix
1099 2514 1161 2574 in
1192 2516 1328 2575 loca
1348 2516 1522 2592 jussa
1549 2516 1765 2576 feram.

373 2625 454 2698 Si,
491 2643 672 2703 quam
701 2625 1040 2688 commerui
1067 2643 1342 2703 poenam,
1373 2643 1472 2687 me
1500 2627 1775 2704 pendere
1802 2627 2007 2699 vultis»,

463 2734 650 2812 Culpa
679 2751 814 2795 mea
842 2744 958 2807 est,
989 2734 1126 2812 ipso
1149 2733 1383 2810 judice,
1415 2744 1614 2796 morte
1643 2734 1865 2796 minor.

377 2838 612 2900 Mittere
641 2856 740 2900 me
768 2838 1002 2917 Stygias
1032 2838 1082 2901 si
1103 2839 1231 2920 jam
1259 2839 1554 2901 voluisset
1581 2841 1659 2900 ad
1680 2840 1877 2901 undas

459 2949 685 3021 Caesar,
716 2947 779 3006 in
807 2948 928 3008 hoo
953 2958 1158 3010 vestra
1187 2965 1312 3008 non
1342 2948 1612 3026 eguisset
1639 2965 1780 3026 ope.

376 3055 483 3113 Est
509 3053 595 3112 illi
622 3052 818 3115 nostri
844 3069 971 3115 non
999 3054 1295 3115 invidiosa
1325 3055 1566 3116 cruoris

461 3159 664 3236 Copia:
699 3161 986 3237 quodque
1015 3159 1206 3230 dedit,
1241 3175 1385 3219 cum
1411 3161 1598 3231 volet,
1633 3160 1765 3236 ipse
1796 3162 1977 3222 seret.

375 3265 493 3325 Vos
521 3265 726 3339 mod0,
759 3281 916 3343 quos
945 3274 1114 3326 certe
1141 3264 1312 3326 nullo
1340 3274 1492 3341 puto
1523 3263 1780 3326 crimine
1807 3267 2019 3339 laesoS,

457 3371 734 3431 Contenti
761 3372 1016 3444 nostriS,
1053 3370 1134 3444 di,
1166 3387 1413 3449 precor,
1448 3380 1580 3432 este
1607 3370 1803 3432 malis.

381 3478 503 3536 Nee
533 3487 759 3548 tamen,
794 3487 862 3537 ut
891 3477 1100 3536 cuncti
1130 3475 1423 3536 miserum
1453 3491 1698 3536 servare
1724 3479 1942 3552 velitiS‚

467 3583 641 3651 Quod
669 3581 871 3658 periit,
905 3582 1139 3640 salvum
1159 3581 1288 3656 jam
1318 3589 1506 3658 eaput
1533 3597 1671 3642 esse
1699 3593 1923 3659 potest.

379 3690 454 3749 Ut
483 3703 650 3747 mare
681 3688 981 3760 subsidat,
1015 3687 1332 3765 ventisque
1361 3688 1699 3752 ferentibus
1733 3702 1894 3768 utar,

2166 796 2223 831 kp
