3334 5175
1695 334 1982 397 „103-

888 468 1008 529 Sed
1040 484 1287 546 precor,
1322 476 1389 528 ut
1416 463 1651 544 possim
1673 465 1868 527 tutius
1897 479 2037 525 esse
2057 462 2298 528 misser.

1550 682 1924 741 ELEGIA
1961 682 2124 739 111.

787 890 893 951 Illa
919 888 1051 952 dies
1078 892 1212 952 haec
1239 902 1355 965 est,
1388 908 1509 969 qua
1534 902 1597 953 te
1638 892 1957 955 celebrare
1978 900 2211 969 poetae,

877 996 939 1059 Si
964 999 1151 1060 modo
1178 1016 1304 1060 non
1332 998 1551 1061 fallunt
1594 1008 1898 1077 tempora,
1927 999 2190 1069 Bacche,
2223 1000 2451 1061 solent:

792 1102 1089 1182 Festaque
1109 1105 1383 1167 odoratis
1414 1104 1740 1169 innectunt
1769 1114 2053 1182 tempora
2083 1103 2293 1177 sertis,

878 1212 955 1273 Et
978 1211 1191 1275 dicunt
1204 1214 1419 1276 laudes
1446 1214 1525 1276 ad
1559 1224 1665 1275 tua
1693 1212 1838 1275 vina
1867 1224 2034 1275 tuas.

799 1318 962 1379 Inter
988 1336 1145 1396 quos
1166 1318 1438 1393 memini,
1474 1320 1627 1383 dum
1656 1336 1756 1381 me
1789 1335 1925 1381 mea
1953 1317 2076 1381 fata
2105 1318 2412 1391 sinebant,

891 1426 1023 1488 Non
1054 1426 1247 1490 invisa
1278 1428 1393 1489 tibi
1426 1444 1581 1506 pars
1609 1444 1728 1506 ego
1757 1443 1925 1505 saepe
1953 1426 2060 1487 sui:

798 1534 989 1605 Quem
1014 1551 1179 1595 nunc
1208 1534 1609 1613 subpositum
1642 1534 1840 1600 stellis
1869 1533 2284 1612 Cynosuridos
2312 1534 2482 1598 Ursae

878 1642 1098 1703 Iuncta
1125 1651 1297 1703 tenet
1324 1643 1545 1704 crudis
1575 1642 1870 1705 Sarmatis
1899 1659 2014 1706 ora
2045 1641 2236 1705 Getis,

797 1747 1033 1825 Quique
1061 1748 1243 1826 prius
1280 1749 1535 1811 mollem
1564 1764 1944 1825 vacuamque
1971 1747 2286 1811 laboribus
2313 1750 2412 1827 egi

883 1856 949 1915 ln
978 1854 1195 1917 studiis
1225 1854 1439 1928 vitam,
1470 1854 1906 1931 Pieridumque
1933 1854 2151 1927 choi-03

810 1965 983 2025 Nunc
1014 1965 1236 2043 procul
1264 1981 1299 2027 a
1332 1964 1531 2043 patria
1558 1963 1783 2027 Geticis
1811 1963 2240 2027 circumsonor
2265 1965 2472 2037 armis;

893 2072 1079 2133 Multa
1108 2070 1285 2149 prins
1313 2072 1566 2150 pelago,
1598 2072 1916 2149 multaque
1943 2087 2164 2149 passus
2193 2072 2403 2144 humo;

810 2178 952 2241 Sive
982 2178 1129 2239 mihi
1160 2194 1368 2252 casm,
1404 2178 1536 2239 sive
1564 2178 1686 2241 hoc
1713 2176 1882 2241 dedit
1907 2177 2000 2241 ira
2021 2178 2311 2241 Deorum:

900 2287 1119 2351 Nubila
1145 2286 1429 2351 nascenti
1456 2304 1570 2350 seu
1596 2287 1744 2351 mihi
1771 2289 1960 2349 Parca
1985 2287 2118 2350 fuit.

815 2397 904 2457 Tu
936 2408 1144 2458 tamen
1174 2414 1211 2459 e
1240 2396 1441 2459 sacris
1466 2397 1718 2459 hederae
1743 2396 2084 2459 cultoribus
2111 2414 2302 2459 unum

891 2502 1153 2563 Numine
1185 2502 1491 2565 debueras
1524 2503 1892 2565 sustinuisse
1918 2513 2046 2565 tuo.

815 2611 905 2672 An
936 2612 1208 2672 dominae
1238 2611 1345 2672 sati
1376 2611 1682 2686 quidquid
1709 2611 1991 2672 cecinere
2017 2627 2288 2685 sorores,

906 2717 1100 2778 Omne
1140 2717 1259 2778 sud
1286 2714 1549 2777 arbitrio
1576 2714 1804 2778 desinit
1827 2732 1966 2778 esse
1991 2716 2125 2778 Dei?

815 2840 888 2903 Π)
897 2840 965 2886 se
997 2839 1249 2901 quoque
1276 2823 1581 2886 aethereas
1608 2821 1844 2886 meritis
1877 2821 2154 2886 invectus
2181 2839 2250 2885 es
2277 2839 2476 2899 arces;

910 2931 1039 3002 Qua
1067 2948 1193 2992 non
1226 2930 1455 3009 exiguo
1482 2929 1647 2992 facta
1673 2931 1890 2992 labore
1911 2929 2005 2992 via
2031 2939 2147 2992 est.

807 3039 928 3100 Nec
956 3037 1165 3117 patria
1192 3047 1290 3100 est
1322 3037 1595 3100 habitata
1628 3036 1765 3100 tibi:
1797 3037 1908 3100 sed
1935 3037 2015 3100 ad
2041 3053 2238 3115 usque
2265 3037 2546 3102 nivosum

898 3149 1228 3228 Strymona
1258 3146 1503 3222 venisti,
1534 3147 2038 3226 Marticolamque
2064 3148 2277 3222 Geten;

812 3254 1210 3334 Persidaque,
1244 3265 1311 3318 et
1337 3255 1465 3317 lato
1495 3254 1870 3333 spatiantem
1897 3253 2147 3316 flumine
2173 3254 2444 3334 Gangen,

895 3361 973 3422 Et
1012 3375 1445 3439 quascumque
1475 3358 1638 3420 bibit
1666 3358 1940 3422 discolor
1965 3358 2151 3420 Indus
2177 3375 2388 3438 aquas.

816 3464 1067 3526 Scilicet
1094 3467 1255 3526 hanc
1285 3467 1511 3544 legem,
1544 3475 1767 3528 nentes
1795 3464 1998 3528 fatalia
2027 3467 2234 3528 Parcae

907 3569 1198 3643 Stamina,
1233 3569 1331 3632 bis
1359 3571 1573 3650 genito
1606 3571 1706 3634 bis
1729 3571 2016 3634 cecinere
2039 3572 2172 3635 tibi.

814 3677 908 3740 Me
939 3693 1209 3755 quoque,
1243 3677 1295 3738 si
1322 3677 1413 3740 fas
1442 3689 1537 3742 est
1566 3678 1868 3758 exemplis
1896 3679 1986 3740 ire
2013 3680 2296 3752 deorum,
