3334 5175
1261 372 1508 431 ...45-

427 500 728 563 Carmina:
761 498 900 576 quis
930 497 1168 560 dubitet
1197 497 1446 559 nomina
1476 507 1646 559 tanta
1676 501 1879 577 sequi?

345 607 542 670 Vertit
566 606 872 668 Aristiden
901 605 1181 667 Sisenna:
1213 620 1330 665 nec
1359 603 1560 666 obfuit
1585 606 1691 665 alli

428 714 708 776 Historiae
737 724 950 791 turpes
977 712 1314 774 inseruisse
1339 712 1546 789 iocos.

341 818 468 881 Nec
495 820 607 881 fuit
635 818 974 898 opprobrio
1003 820 1351 880 celebrasse
1379 817 1679 896 Lycorida
1708 820 1905 893 Gallo,

440 928 560 989 Sed
588 926 858 1004 linguam
887 926 1078 987 nimio
1105 942 1232 987 non
1259 925 1534 988 tenuisse
1561 942 1758 988 mero.

343 1033 613 1095 Credere
629 1033 866 1110 ,iuranti
894 1035 1120 1096 durum
1149 1043 1324 1111 putat
1351 1050 1490 1095 esse
1517 1034 1823 1106 Tibullus,

431 1144 530 1207 Sic
557 1144 742 1207 etiam
769 1146 848 1207 de
875 1160 945 1207 se
967 1147 1136 1223 quod
1165 1156 1352 1224 neget
1379 1144 1482 1206 illa
1511 1146 1667 1207 viro.

358 1250 591 1312 Fallere
619 1252 940 1313 custodem
969 1251 1214 1312 demum
1244 1250 1532 1313 docuisse
1557 1251 1805 1325 fatetur,

431 1358 632 1436 Seque
659 1374 770 1419 sua
797 1358 1090 1419 miserum
1119 1374 1286 1419 nunc
1315 1357 1400 1419 ait
1425 1369 1560 1420 arte
1585 1360 1808 1436 premi.

341 1466 524 1543 Saepe
550 1465 716 1527 velut
740 1482 1044 1543 gemmam
1073 1465 1340 1527 dominae
1369 1464 1691 1543 signumve
1718 1468 2041 1545 probaret,

442 1573 559 1634 Per
586 1588 832 1635 causam
859 1572 1136 1635 meminit
1163 1590 1232 1635 se
1255 1572 1532 1653 tetigisse
1559 1590 1831 1635 manum.

347 1680 546 1757 thue
573 1680 783 1755 refert,
814 1678 1020 1759 digitis
1047 1696 1216 1758 saepe
1241 1691 1340 1741 est
1365 1690 1644 1757 nutuque
1672 1683 1939 1755 locutus,

437 1786 514 1847 Et
541 1786 786 1847 tacitam
813 1802 1046 1847 mensae
1073 1784 1250 1847 duxit
1275 1785 1338 1846 in
1365 1786 1518 1847 orbe
1542 1796 1774 1848 notam.

357 1890 434 1951 Et
463 1889 684 1968 quibus
711 1908 748 1952 e
775 1890 980 1953 succis
1005 1891 1184 1952 abeat
1211 1891 1290 1952 de
1320 1906 1586 1969 corpore
1614 1890 1790 1965 livor,

443 1998 773 2075 impresso,
803 1996 936 2057 fieri
967 1995 1072 2074 qui
1099 1997 1280 2069 solet,
1311 2012 1444 2070 ore,
1471 1997 1677 2058 docet.

363 2102 638 2180 Denique
663 2104 740 2165 ab
767 2103 1016 2165 incauto
1045 2102 1298 2165 nimium
1326 2103 1480 2181 petit
1507 2102 1610 2163 ille
1635 2103 1880 2177 marito,

433 2212 512 2272 Se
538 2228 786 2289 quoque
811 2211 899 2275 uti
927 2222 1152 2285 servet,
1183 2220 1406 2290 peccet
1429 2221 1500 2271 ut
1527 2209 1630 2271 illa
1657 2210 1883 2273 minus.

372 2318 499 2380 Scit
525 2319 623 2380 cui
650 2320 928 2393 latretur,
959 2336 1104 2381 cum
1131 2320 1304 2381 solus
1329 2318 1689 2381 obambulat
1713 2318 1867 2397 ipse:

431 2426 551 2486 Cur
576 2425 760 2487 toties
787 2426 1026 2487 clausas
1055 2436 1340 2487 exscreet
1367 2435 1510 2486 ante
1538 2424 1729 2486 fores.

349 2533 658 2612 Multaque
686 2535 790 2596 dat
816 2533 964 2596 furti
991 2532 1128 2624 talis
1156 2542 1491 2613 praecepta,
1523 2534 1832 2612 docetque

433 2641 562 2713 Qua
587 2653 798 2720 nuptae
825 2642 1066 2720 possint
1093 2643 1304 2704 fallere
1331 2643 1410 2704 ab
1438 2653 1572 2706 arte
1599 2643 1790 2705 viros.

348 2749 470 2810 Nec
499 2748 612 2810 fuit
637 2751 760 2810 hoc
789 2749 876 2810 illi
903 2750 1124 2823 fraudi,
1156 2750 1506 2828 legiturque
1535 2751 1833 2824 Tibullus,

437 2857 511 2917 Et
538 2856 764 2933 placet:
795 2866 858 2918 et
877 2857 1006 2933 ,iam
1035 2867 1098 2918 te
1125 2857 1406 2935 principe
1433 2867 1618 2918 notus
1647 2866 1803 2919 erat.

344 2964 620 3026 invenies
647 2966 862 3026 eadem
889 2967 1102 3027 blandi
1131 2977 1448 3044 praecepta
1475 2967 1781 3043 Properti:

421 3072 744 3136 Districtus
769 3074 1017 3136 minima
1043 3091 1162 3136 nec
1187 3086 1394 3135 tamen
1421 3075 1526 3134 ille
1553 3085 1700 3136 nota
1729 3085 1844 3136 est.

342 3179 448 3242 His
473 3197 592 3260 ego
619 3181 915 3243 successi:
948 3180 1240 3259 quoniam
1267 3179 1626 3258 praestantia
1657 3181 1893 3240 candor

427 3289 682 3350 Nomina
707 3289 988 3352 vivorum
1017 3288 1408 3352 dissimulare
1427 3287 1628 3364 J'ubet.

345 3394 480 3455 Non
501 3394 700 3469 timui,
723 3394 946 3468 fateor,
975 3411 1055 3456 ne
1081 3411 1204 3472 qua
1231 3405 1326 3456 tot
1351 3394 1480 3454 iere
1509 3393 1761 3466 carinae,

430 3502 749 3582 Naufraga‚
781 3505 1040 3568 servatis
1071 3502 1383 3574 omnibuS,
1415 3517 1539 3562 una
1567 3501 1752 3563 foret.

348 3611 510 3669 Sunt
534 3607 664 3670 aliis
691 3609 962 3688 scriptae,
995 3607 1218 3685 quibus
1245 3609 1378 3668 alea
1404 3606 1660 3678 luditur,
1694 3613 1881 3669 artes:

436 3715 578 3776 Haec
605 3726 700 3777 est
726 3717 806 3777 ad
833 3725 1081 3777 nostros
1109 3731 1233 3774 non
1261 3715 1394 3774 leve
1423 3713 1654 3774 crimen
1684 3731 1855 3774 avos:
