3334 5175
1836 336 2034 395 -3-

897 469 990 532 Me
1017 488 1284 548 quoque,
1319 485 1458 546 quae
1486 467 1671 538 sensi,
1699 466 1895 525 fateor
1920 464 2085 525 lovis
2112 480 2281 525 arma
2310 464 2545 526 timere:

984 578 1078 637 Me
1107 593 1250 636 reor
1276 574 1520 639 infesto.
1551 587 1745 648 quum
1772 580 1967 642 tonat,
2000 570 2141 647 igne
2169 571 2317 647 peti.

901 678 1276 759 Quicumque
1305 679 1587 758 Argolica
1617 681 1695 739 de
1724 679 1923 739 classe
1950 676 2261 755 capharea
2288 678 2465 757 fugit,

978 790 1232 866 Semper
1259 788 1337 848 ab
1365 786 1654 847 Euboicis
1677 786 1809 847 vela
1838 794 2157 861 retorquet
2182 783 2380 872 aquis.

901 896 974 957 Et
1000 913 1136 956 mea
1165 896 1382 973 cymba
1411 895 1600 955 semel
1630 904 1798 955 vasta
1826 909 2123 971 percussa
2150 893 2477 970 procella,-

983 1003 1182 1075 lllum,
1216 1019 1340 1079 quo
1369 1003 1516 1063 laesa
1544 1011 1662 1074 est,
1694 1002 1911 1061 horret
1936 998 2106 1061 adire
2135 1000 2365 1060 locum.

899 1109 1084 1186 Erg0,
1119 1123 1260 1168 care
1289 1107 1464 1179 liber,
1495 1106 1706 1167 timida
1734 1105 2139 1183 circumspice
2166 1116 2397 1195 mente,

986 1214 1059 1273 Et
1088 1212 1233 1273 satis
1261 1228 1298 1271 a
1325 1212 1524 1272 media
1553 1212 1633 1272 sit
1656 1210 1767 1271 tibi
1795 1212 1977 1288 plebe
2005 1211 2148 1289 legi.

903 1324 1059 1383 Dum
1086 1320 1240 1400 petit
1268 1319 1522 1381 infirmis
1550 1318 1805 1383 nimium
1834 1318 2116 1383 sublimia
2143 1322 2367 1401 pennis

985 1431 1215 1503 Icarus,
1247 1426 1454 1489 Icariis
1485 1428 1733 1489 nomina
1766 1428 1908 1489 fecit
1936 1428 2134 1505 aquis.

901 1535 1151 1595 Difficile
1180 1546 1275 1595 est
1301 1546 1506 1595 tamen
1533 1534 1656 1608 bic,
1686 1535 1871 1597 remis
1900 1536 2091 1596 utaris
2118 1552 2197 1597 an
2224 1552 2397 1610 aura,

989 1642 1224 1703 Dicere:
1260 1643 1584 1703 consilium
1615 1659 1839 1719 resque
1867 1644 2167 1720 locusque
2196 1646 2449 1707 dabunt.

915 1748 976 1808 Si
1006 1748 1239 1826 poteris
1267 1764 1462 1808 vacuo
1490 1748 1671 1820 tradi,
1705 1748 1757 1809 si
1784 1758 2005 1809 cuncta
2037 1749 2269 1812 videbis

991 1853 1175 1925 mitia,
1209 1854 1261 1914 si
1289 1854 1449 1913 vires
1477 1852 1727 1931 fregerit
1756 1853 1847 1914 ira
1872 1870 2037 1927 suas;

907 1962 968 2023 Si
997 1962 1134 2038 quis
1164 1962 1280 2023 erit
1309 1962 1413 2039 qui
1443 1974 1502 2023 te
1531 1962 1911 2023 dubitantem
1941 1973 2004 2024 et
2030 1964 2197 2025 adire
2226 1965 2540 2027 timentem

990 2070 1234 2141 Tradat,
1267 2080 1330 2129 et
1356 2079 1498 2129 ante
1525 2080 1727 2132 tamen
1754 2086 1951 2146 pauca
1979 2070 2288 2146 loquatur;
2321 2072 2440 2133 adi.

907 2177 1067 2235 Luce
1093 2176 1277 2247 bona,
1311 2175 1683 2253 dominoque
1714 2186 1819 2238 tuo
1848 2176 2083 2237 felicior
2110 2177 2264 2255 ipse,
2316 2222 2321 2226 -

983 2284 1304 2345 Pervenias
1331 2283 1498 2356 illuc,
1532 2294 1595 2343 et
1623 2284 1781 2345 mala
1808 2296 2021 2345 nostra
2046 2287 2232 2347 leves,

913 2392 1184 2468 Namque
1214 2409 1309 2464 ea,
1338 2393 1432 2452 vel
1463 2410 1668 2465 nemo,
1702 2394 1798 2453 vel
1827 2393 1933 2470 qui
1962 2393 2107 2454 mihi
2136 2395 2389 2457 vulnera
2416 2394 2581 2470 fecit,

988 2497 1168 2558 Solus
1197 2498 1468 2558 Achilleo
1495 2500 1715 2559 tollere
1743 2517 1916 2560 more
1942 2511 2174 2577 potest.

907 2603 1167 2664 Tantum
1197 2621 1274 2663 ne
1303 2621 1552 2676 noceam,
1584 2603 1732 2666 dum
1761 2605 2197 2682 vis-prodesse,
2231 2608 2461 2681 videto;

985 2710 1134 2769 Nam
1167 2727 1308 2788 spes
1338 2721 1432 2771 est
1459 2710 1643 2772 animi
1674 2721 1885 2773 nostra
1915 2711 2133 2774 timore
2161 2713 2383 2775 minor.

914 2817 1184 2894 Quaeque
1216 2818 1596 2894 quiescebat,
1628 2837 1709 2880 ne
1737 2831 1902 2883 mota
1932 2819 2214 2883 resaeviat
2240 2822 2353 2896 ira,

1001 2925 1075 2983 Et
1104 2939 1312 3000 poenae
1344 2933 1410 2983 tu
1441 2923 1524 2984 sis
1552 2925 1745 2986 altera
1772 2943 1979 2999 causa,
2012 2943 2179 2988 cave.

912 3026 1107 3098 Quum
1137 3038 1340 3088 tamen
1372 3028 1433 3087 in
1461 3040 1743 3090 nostrum
1772 3031 1962 3094 fueris
1991 3033 2304 3110 penetrale
2332 3045 2643 3115 receptum,

991 3134 1458 3213 contigerisque
1487 3149 1655 3201 tuam
1686 3138 1908 3200 scrinia
1936 3157 2122 3202 curva
2152 3142 2427 3214 domuum

915 3237 1233 3318 Adspicies
1263 3241 1385 3303 illic
1413 3243 1650 3318 positos
1681 3262 1759 3305 ex
1786 3247 2004 3308 ordine
2032 3248 2276 3318 fratreS,

996 3346 1162 3416 Quos
1192 3345 1462 3405 studium
1493 3357 1755 3408 cunctos
1786 3348 2087 3426 evigilavit
2116 3350 2298 3413 idem.

917 3450 1152 3511 Caetera
1181 3451 1362 3510 turba
1390 3451 1588 3527 palam
1622 3451 1833 3516 titulos
1861 3456 2144 3518 ostendet
2177 3468 2449 3535 apertoS,

997 3557 1071 3616 Et
1096 3572 1206 3616 sua
1237 3557 1478 3618 detecta
1508 3559 1756 3622 nomina
1788 3561 1990 3623 fronte
2018 3575 2213 3640 geret.

913 3663 1060 3721 Tres
1091 3661 1308 3740 procul
1344 3663 1607 3724 obscura
1637 3664 1945 3728 latitantes
1972 3678 2149 3745 parte
2182 3669 2435 3730 videbis:
