3334 5175
1221 380 1461 449 ...35-

396 510 518 572 Nec
537 526 670 572 mea
699 510 932 573 selecto
952 512 1164 589 judice
1183 514 1359 590 jussa
1383 515 1527 595 fuga
1555 518 1671 579 est.

315 618 614 683 Tristibus
637 619 916 681 invectus
939 622 1163 695 verbis,
1197 622 1280 684 ita
1307 624 1588 703 principe
1615 628 1891 706 dignum,

399 728 576 789 Ultus
603 745 672 789 es
701 728 984 803 offensas,
1016 740 1086 791 ut
1111 731 1312 805 decet,
1343 733 1478 809 ipse
1503 742 1662 795 tuas.

318 833 491 895 Adde
514 833 682 910 quod
707 833 977 895 edictum
1007 836 1284 914 quamvis
1309 836 1595 911 immane,
1633 839 1981 915 minaxque,

402 938 680 1001 Attamen
707 938 772 999 in
799 955 1004 1017 poenae
1031 942 1278 1003 nomine
1306 943 1444 1003 lene
1473 943 1605 1004 fuit.

322 1042 558 1122 Quippe
582 1044 914 1122 relegatuS,
947 1061 1072 1106 non
1102 1047 1274 1107 exsul
1305 1046 1480 1107 dicor
1507 1047 1569 1107 in
1597 1046 1727 1119 illo;

404 1152 716 1228 Parcaque
741 1149 1008 1213 fortunae
1029 1162 1173 1213 sunt
1201 1153 1342 1214 data
1371 1154 1554 1214 verba
1583 1170 1721 1214 mae.

319 1258 493 1319 Nulla
519 1256 768 1335 quidem
795 1273 950 1318 sano
974 1258 1217 1336 gravior
1243 1258 1585 1336 mentisque
1612 1260 1849 1336 potenti

403 1365 592 1427 Poena
621 1376 738 1438 est,
769 1381 952 1441 quam
977 1374 1148 1427 tanto
1175 1364 1560 1442 displicuisse
1585 1365 1740 1426 viro.

324 1470 444 1531 Sed
469 1470 629 1532 solet
653 1469 960 1531 interdum
987 1470 1118 1530 fieri
1145 1470 1444 1547 placabile
1475 1486 1729 1531 numen:

407 1576 582 1636 Nube
607 1576 768 1637 solet
791 1575 968 1653 pulsa
995 1575 1294 1637 candidus
1323 1576 1414 1636 ire
1443 1575 1596 1637 dies.

329 1682 466 1745 vidi
491 1700 608 1761 ego
635 1682 974 1761 pampineis
1003 1693 1317 1745 oneratam
1345 1682 1572 1745 vitibus
1601 1684 1859 1757 ulmum,

415 1788 562 1859 Quae
591 1787 790 1850 fuerat
815 1804 978 1849 saevo
1007 1786 1260 1850 fulmine
1289 1799 1452 1851 tacta
1477 1789 1666 1853 lovis.

333 1900 470 1977 lpse
497 1897 642 1959 licet
669 1914 919 1977 sperare
947 1908 1135 1969 vetes,
1167 1897 1574 1976 sperabimus:
1607 1914 1787 1976 aeque

419 2005 545 2066 Hoc
573 2021 768 2066 unum
795 2004 926 2067 fieri
953 2015 1014 2067 te
1041 2003 1410 2083 prohibente
1436 2016 1665 2082 potest.

333 2114 484 2191 Spes
513 2111 659 2173 mihi
685 2128 906 2192 magna
935 2112 1120 2185 subit,
1153 2128 1296 2184 cum
1322 2123 1410 2184 te,
1442 2111 1761 2173 mitissime
1788 2114 2105 2191 princeps,

417 2220 569 2297 Spes
596 2218 764 2291 mihi,
797 2216 1061 2297 respicio
1090 2232 1232 2277 cum
1255 2232 1390 2277 mea
1417 2216 1600 2289 facta,
1635 2216 1819 2279 cadit.

333 2326 420 2389 Ac
445 2326 632 2388 veluti
660 2326 857 2387 ventis
885 2324 1256 2403 agitantibus
1287 2340 1542 2402 aequora
1569 2342 1697 2387 non
1726 2337 1821 2388 est

417 2432 686 2513 AEqmlis
715 2430 938 2507 rabies,
971 2432 1424 2511 continuusque
1451 2433 1650 2507 furor,

343 2542 460 2604 Sed
491 2542 678 2603 modo
703 2538 1055 2612 subsidunt,
1087 2538 1544 2618 intermissique
1571 2539 1889 2614 silescunt,

422 2648 676 2727 Vimque
700 2658 886 2727 putes
903 2647 1043 2712 illos
1074 2649 1436 2727 deposuisse
1455 2661 1652 2722 suam;

340 2759 438 2820 Sic
465 2758 695 2819 abeunt
721 2757 1104 2835 redeuntque
1131 2757 1254 2819 mei
1280 2756 1638 2836 variantque
1665 2757 1944 2831 timores,

422 2865 498 2926 Et
529 2879 704 2942 spem
731 2861 1012 2944 placandi
1041 2864 1310 2940 dantque
1339 2874 1689 2942 negantque
1718 2864 1827 2925 tui.

343 2972 456 3032 Per
483 2986 744 3048 superos
771 2968 979 3048 igitur,
1012 2968 1120 3047 qui
1140 2969 1290 3030 dant
1317 2967 1424 3029 tibi
1452 2969 1638 3047 longa
1665 2969 2026 3047 dabuntque

425 3078 747 3155 Tempora3
780 3077 1122 3136 Romanum
1149 3073 1202 3136 si
1233 3075 1420 3136 modo
1453 3091 1683 3136 nomen
1714 3086 1945 3145 amant3

345 3188 458 3248 Per
481 3184 763 3264 patriam,
795 3198 936 3260 quae
961 3192 1024 3243 te
1048 3190 1182 3243 tuta
1210 3192 1272 3242 et
1299 3198 1517 3242 secura
1548 3191 1809 3258 parente
1836 3194 1959 3254 est,·

428 3295 636 3372 Cujus,
671 3302 742 3354 ut
769 3291 830 3352 in
853 3290 1116 3369 popule,
1149 3305 1294 3369 pars
1323 3305 1442 3368 ego
1469 3305 1668 3366 nuper
1698 3305 1889 3350 eram:

347 3404 448 3465 Sic
478 3403 610 3476 tibi,
643 3418 829 3480 quem
857 3417 1102 3479 semper
1133 3399 1310 3462 factis
1344 3400 1675 3477 animoque
1702 3400 1979 3473 mereris,

437 3510 748 3572 Reddatur
776 3519 968 3589 gratae
997 3507 1240 3570 debitus
1265 3506 1438 3567 urbis
1473 3523 1667 3577 amor;

354 3618 518 3682 Livia
547 3617 636 3679 sic
662 3628 868 3680 tecum
897 3614 1156 3676 sociales
1185 3613 1492 3691 compleat
1519 3629 1737 3686 annos,

442 3723 608 3796 Quae,
643 3732 726 3794 te,
757 3721 877 3784 nisi
903 3720 1076 3782 nullo
1113 3713 1376 3798 conjuge
1407 3719 1589 3799 digna
1626 3720 1759 3792 fuit3
