3334 5175
1721 324 2005 382 —122—

913 448 1164 527 Torpet,
1212 458 1275 509 et
1305 458 1401 509 est
1430 448 1645 521 multo,
1685 464 1868 525 quam
1897 448 2011 510 fuit
2051 459 2216 523 ante,
2249 450 2474 513 minus.

834 552 1091 627 Fertilis,
1124 554 1381 616 adsiduo
1410 552 1463 615 si
1498 571 1623 615 non
1665 566 1996 616 renovetur
2022 568 2251 637 aratro,

920 662 1033 737 Nil,
1080 662 1195 725 nisi
1225 681 1367 724 cum
1394 662 1583 742 spinis
1622 680 1899 742 gramen,
1932 665 2180 729 habebit
2207 683 2374 745 ager.

838 770 1139 847 Tempore
1166 770 1271 848 qui
1294 771 1481 849 longo
1510 770 1772 845 steterit,
1804 772 1962 832 male
1981 782 2212 845 curret,
2245 786 2308 835 et
2339 773 2500 836 inter

918 874 1275 937 Carceribus
1306 876 1526 938 missos
1556 876 1808 939 ultimus
1834 876 1946 939 ibit
1973 894 2190 955 equoS.

827 982 1094 1045 Vertitur
1118 984 1179 1043 in
1209 995 1483 1045 teneram
1504 985 1754 1059 cariem,
1784 984 2092 1062 remisque
2121 986 2400 1061 dehiscit,

916 1092 977 1155 Si
1024 1110 1144 1170 qua
1174 1093 1277 1155 diu
1306 1093 1500 1155 solitis
1526 1096 1742 1173 cymba
1771 1094 2000 1157 vacarit
2028 1095 2225 1171 aquis.

836 1198 933 1259 Me
960 1216 1205 1277 quoque
1234 1200 1520 1278 despero,
1553 1199 1772 1260 fuerim
1801 1216 1993 1277 quum
2019 1216 2246 1279 parvus
2275 1210 2338 1262 et
2365 1213 2530 1277 ante,

921 1306 1033 1381 llli,
1068 1306 1171 1383 qui
1198 1307 1454 1380 fueram,
1486 1324 1672 1386 posse
1701 1308 1902 1370 redire
1932 1325 2165 1385 parem.

834 1414 1120 1475 Contudit
1156 1414 1467 1493 ingenium
1505 1414 1794 1493 patientia
1822 1416 2007 1494 longa
2035 1416 2339 1492 laborum,

925 1523 998 1582 Et
1024 1538 1169 1598 pars
1196 1522 1429 1600 antiqui
1454 1539 1674 1601 magna
1714 1522 1938 1603 vigoris
1968 1524 2164 1585 abest.

836 1628 1013 1704 Saepe
1047 1638 1250 1689 tamen
1279 1628 1480 1701 nobiS,
1513 1639 1583 1692 ut
1618 1647 1784 1691 nune
1811 1647 2081 1707 quoque,
2113 1642 2318 1693 sumta
2345 1633 2568 1695 tabella
2595 1646 2712 1708 est,

927 1733 1119 1809 Inque
1144 1748 1285 1794 suos
1314 1732 1479 1794 volui
1508 1750 1738 1811 cogere
1783 1736 1968 1795 verba
1997 1736 2209 1813 pedes:

847 1836 1125 1897 Carmina
1152 1838 1381 1917 scripta
1408 1838 1555 1900 mihi
1582 1848 1728 1900 sunt
1755 1841 1949 1914 nulla,
1985 1852 2091 1902 aut
2119 1842 2320 1919 qualia
2349 1843 2570 1918 cernis;

922 1944 1111 2022 Digna
1138 1946 1231 2006 sui
1258 1945 1489 2007 domini
1520 1957 1822 2025 tempore,
1857 1948 2040 2027 digna
2059 1951 2222 2011 loco.

850 2048 1122 2127 Denique
1150 2068 1277 2111 non
1305 2068 1523 2130 parvas
1551 2052 1756 2113 animo
1785 2055 1890 2115 dat
1917 2054 2114 2133 gloria
2141 2056 2322 2130 vires;

933 2156 1009 2217 Et
1035 2156 1325 2219 foecunda
1354 2157 1498 2219 facit
1525 2169 1780 2236 pectora
1809 2159 2006 2222 laudis
2033 2177 2228 2222 amor.

842 2265 1111 2327 Nominis
1149 2277 1211 2328 et
1246 2268 1423 2328 famae
1454 2269 1762 2345 quondam
1797 2270 2037 2349 fulgore
2067 2274 2372 2347 trahebar,

920 2372 1074 2433 Dum
1107 2372 1245 2434 tulit
1273 2382 1571 2435 antennas
1600 2390 1750 2435 aura
1781 2378 2052 2439 secunda
2079 2394 2267 2439 meaS.

839 2482 971 2541 Non
998 2483 1153 2542 adeo
1183 2493 1277 2543 est
1304 2484 1463 2543 bene
1494 2501 1682 2558 nunc,
1729 2495 1797 2546 ut
1827 2485 1906 2545 sit
1933 2486 2077 2546 mihi
2105 2486 2300 2565 gloria
2335 2505 2524 2550 curae:

929 2591 989 2652 Si
1019 2590 1221 2665 liceat,
1256 2593 1409 2653 nulli
1438 2594 1724 2673 cognitus
1753 2612 1890 2656 esse
1915 2596 2117 2657 velim.

846 2698 961 2772 An,
994 2697 1136 2776 quia
1170 2712 1494 2762 cesserunt
1520 2701 1722 2780 primo
1751 2703 1910 2764 bene
1939 2702 2229 2777 carmina,
2260 2707 2480 2768 suades

931 2805 1235 2880 Scribere,
1270 2825 1599 2872 successus
1628 2821 1701 2871 ut
1726 2827 1950 2887 sequar
1977 2810 2109 2888 ipse
2137 2813 2337 2874 meos?

840 2914 1017 2989 Pace,
1050 2931 1295 2988 novem,
1324 2925 1527 2976 vestra
1554 2915 1740 2977 liceat
1765 2916 2016 2989 dixisse,
2049 2918 2330 2994 SororeS,

924 3019 1045 3080 Vos
1076 3020 1224 3082 estis
1252 3031 1485 3082 nostrae
1513 3020 1780 3082 maxima
1809 3038 1994 3082 causa
2023 3022 2207 3100 fugae.

845 3133 1042 3209 thue
1070 3131 1235 3193 dedit
1262 3133 1463 3209 justas
1494 3131 1653 3193 tauri
1682 3132 2012 3194 fabricator
2041 3133 2242 3207 alieni,

915 3241 1012 3302 Sic
1040 3258 1155 3319 ego
1186 3242 1267 3302 do
1298 3257 1519 3319 poenas
1545 3241 1782 3302 artibus
1811 3241 1945 3319 ipse
1972 3241 2148 3304 meis.

844 3347 938 3408 Nil
968 3348 1114 3409 mihi
1146 3350 1443 3410 debuerat
1472 3365 1614 3408 cum
1643 3349 1924 3410 versibus
1951 3349 2212 3428 amplius
2241 3368 2402 3426 esse;

921 3455 1040 3516 Sed
1068 3455 1346 3532 fugerem
1377 3452 1599 3514 merito
1628 3454 1964 3534 naufragus
1993 3473 2176 3518 omne
2204 3457 2450 3520 fretum.

862 3559 936 3622 At
965 3570 1141 3637 puto,
1176 3561 1227 3621 si
1256 3561 1509 3622 demens
1540 3562 1811 3624 studium
1841 3563 2020 3625 fatale
2047 3574 2370 3639 retentem,

932 3665 1039 3728 Hic
1070 3665 1215 3728 mihi
1246 3667 1549 3746 praebebit
1576 3668 1862 3732 carminis
1891 3686 2060 3732 arma
2089 3671 2288 3733 locus:
