3334 5175
1700 346 1982 405 -100-

895 482 1147 553 Nomen,
1179 483 1256 543 ab
1286 480 1592 557 exsequiis
1620 481 1791 556 quod
1819 481 1970 541 dare
1999 481 2157 541 fama
2197 480 2377 542 solet.

812 588 955 661 Nec,
988 588 1092 665 qui
1122 590 1423 650 detrectat
1450 587 1782 665 praeeentia
1810 587 1990 661 livor,
2023 588 2238 665 iniquo

891 695 1091 755 Ullum
1118 695 1197 756 de
1224 694 1453 755 nostris
1482 695 1669 755 dente
1699 695 2032 755 momordit
2061 712 2243 772 opus„

806 804 953 863 Nam
984 804 1232 865 tulerint
1260 820 1517 882 magnos
1546 820 1738 881 quum
1767 804 1994 865 saecula
2024 814 2234 883 nostra
2257 814 2500 883 poctaS,

892 912 1017 971 Non
1046 911 1159 973 fuit
1186 911 1431 991 ingenio
1462 913 1619 973 fama
1661 912 1926 991 maligna
1949 928 2110 973 meo,

808 1020 1127 1097 Quumque
1156 1036 1274 1099 ego
1300 1036 1661 1098 praeponam
1691 1021 1918 1081 multos
1947 1019 2116 1093 mihi,
2150 1036 2274 1081 non
2305 1020 2506 1081 minor
2535 1020 2653 1080 illis

888 1128 1092 1201 Dicor,
1127 1138 1189 1189 et
1216 1128 1277 1187 in
1310 1138 1439 1190 toto
1466 1128 1773 1207 plurimus
1803 1130 1958 1189 orbe
1987 1130 2190 1206 legor.

811 1234 870 1295 Si
899 1234 1045 1311 quid
1073 1236 1301 1297 habent
1328 1235 1513 1315 igitur
1540 1244 1747 1297 vatum
1773 1234 2077 1314 praesagia
2105 1235 2259 1308 veri,

882 1341 1169 1401 Protinus
1188 1352 1257 1401 ut
1284 1341 1535 1411 moriar,
1568 1356 1692 1398 non
1727 1357 1859 1411 ero,
1897 1350 2081 1411 terra,
2113 1352 2281 1401 tuus,

800 1444 936 1505 Sive
960 1444 1167 1505 favore
1194 1443 1333 1517 tuli,
1360 1443 1487 1505 sive
1515 1444 1674 1505 hanc
1704 1460 1822 1521 ego
1851 1444 2122 1503 carmine
2163 1444 2405 1516 samam,

888 1552 1032 1611 lure
1060 1550 1168 1612 tibi
1196 1560 1422 1629 gmteS,
1454 1549 1716 1611 candide
1744 1551 1962 1622 lector,
2010 1566 2152 1629 ago,

1156 2144 1659 2350 LIBER
1765 2146 2512 2387 QUINTUS.

1614 2923 1993 2982 EnnulA
2035 2926 2106 2981 1.

810 3259 980 3324 Hunc
1010 3277 1256 3340 quoque
1284 3264 1361 3325 de
1392 3264 1624 3338 Getice,
1656 3267 1854 3328 nostr-i
1885 3269 2182 3342 studiose,
2220 3271 2490 3334 libellum

892 3369 1141 3444 Littore,
1174 3369 1511 3447 praemissis
1534 3380 1803 3446 quatuor
1835 3373 1994 3433 adde
2023 3375 2195 3436 meis.

813 3471 918 3534 Hic
947 3491 1193 3551 quoque
1221 3473 1357 3534 talis
1386 3474 1525 3548 erit,
1558 3476 1756 3554 qualis
1785 3477 2028 3540 fortuna
2057 3493 2282 3559 poetae:

900 3577 1175 3639 Invenies
1203 3588 1337 3640 toto
1360 3582 1630 3644 carmine
1658 3585 1844 3646 dulce
1871 3581 2042 3646 nihil.

814 3682 1053 3748 Flebilis
1082 3694 1148 3748 ut
1173 3695 1387 3750 noster
1414 3699 1612 3752 status
1642 3701 1760 3767 est,
1793 3692 1878 3756 ita
1907 3693 2110 3756 flebile
2139 3709 2410 3772 carmen,
