3334 5175
1710 336 1950 395 ψῃ...

874 473 1179 551 Squallida
1206 470 1527 550 promissis
1558 470 1662 549 qui
1692 471 1842 549 tegit
1869 488 1979 533 ora
2001 471 2221 535 comis.

789 579 920 653 llio,
951 578 1055 655 qui
1085 577 1381 654 sequitur,
1412 576 1627 639 dicunt
1651 588 1914 639 mactata
1943 578 2234 665 ministro

869 687 1043 763 Saepe
1066 682 1377 745 recusanti
1406 700 1674 762 corpora
1697 694 1880 762 capta
1909 685 2062 746 deo:

786 790 892 850 Hic
921 790 1115 863 lacuS,
1140 790 1204 849 hi
1223 800 1489 864 monteS‚
1520 791 1655 851 haec
1685 799 1776 852 tot
1805 792 2079 865 castella,
2114 800 2208 852 tot
2235 806 2480 864 amnes,

865 898 1049 958 Plena
1077 897 1225 957 ferae
1253 898 1463 972 caedis,
1496 899 1680 976 plena
1709 899 1950 961 cruoris
1977 909 2174 960 erant.

781 1004 1013 1064 Drusus
1042 1003 1103 1062 in
1132 1003 1227 1064 his
1257 1005 1569 1081 quondam
1599 1004 1823 1067 meruit
1850 1005 2220 1085 cognomina
2256 1005 2477 1078 terris,

863 1113 1010 1184 Quae
1035 1114 1201 1173 hona
1228 1112 1555 1191 progenies
1582 1113 1768 1191 digna
1825 1124 2086 1191 parente
2116 1113 2252 1174 fuit.

782 1217 1081 1277 Cornibus
1108 1217 1207 1277 hic
1232 1217 1461 1290 fractis,
1495 1217 1672 1278 viridi
1701 1218 1857 1279 male
1884 1229 2087 1279 tectus
2117 1221 2195 1279 ab
2227 1220 2389 1291 ulva,

866 1324 1129 1383 Decolor
1154 1322 1286 1399 ipse
1317 1340 1431 1383 suo
1460 1323 1758 1401 sanguine
1787 1324 2035 1385 Rhenus
2065 1323 2208 1385 erit.

784 1429 1062 1490 Crinibus
1089 1446 1166 1489 en
1197 1430 1379 1489 etiam
1408 1429 1603 1489 fertur
1633 1430 1952 1490 Germania
1979 1431 2206 1507 passiS,

875 1535 949 1594 Et
976 1534 1153 1595 ducis
1182 1532 1392 1594 invicti
1422 1534 1537 1595 sub
1562 1536 1723 1612 pede
1752 1544 1980 1596 moesta
2014 1536 2212 1597 sedet:

794 1642 1083 1718 Collaque
1111 1644 1403 1703 Romanae
1432 1642 1722 1719 praebens
1751 1643 2026 1704 animosa
2054 1645 2282 1717 securi,

874 1750 1127 1811 Vincula
1156 1750 1275 1812 sert
1303 1750 1429 1823 illa,
1462 1767 1582 1827 qua
1613 1751 1756 1811 tulit
1784 1768 1976 1825 arma,
2017 1768 2226 1813 manu.

784 1858 906 1917 Hos
934 1873 1121 1935 super
1148 1856 1211 1915 in
1240 1873 1451 1929 curru,
1486 1856 1711 1929 Caesar,
1740 1857 1973 1919 victore
2006 1856 2248 1919 veheris

885 1966 1237 2043 Purpureus
1264 1964 1480 2043 populi
1508 1963 1625 2026 rite
1652 1982 1768 2042 per
1793 1982 1902 2025 ora
1932 1964 2042 2027 tui:

802 2072 1051 2147 Quaque
1078 2070 1195 2131 ibis
1222 2070 1501 2131 manibus
1532 2070 2062 2147 circumplaudere
2091 2080 2360 2139 tuorum;

881 2178 1159 2255 Undique
1180 2179 1413 2255 ,iactato
1442 2180 1597 2240 flore
1624 2188 1872 2257 tegente
1902 2178 2048 2239 vias.

803 2286 1105 2363 Tempora
1133 2284 1398 2346 Phoebea
1426 2286 1601 2345 lauro
1632 2284 1920 2363 cingeris:
1953 2284 2161 2362 ioque,

875 2389 1066 2463 Miles,
1098 2390 1182 2464 io,
1214 2407 1435 2467 magna
1463 2407 1638 2461 voce,
1671 2390 2004 2468 triumphe,
2049 2400 2249 2451 canet.

794 2498 929 2574 Ipse
962 2513 1118 2557 sono
1146 2497 1493 2573 plausuque
1518 2494 1700 2555 simul
1729 2495 2100 2573 fremituque
2129 2494 2482 2569 canentum,

873 2605 1279 2682 Quadriiugos
1308 2621 1527 2664 cernes
1556 2620 1725 2681 saepe
1755 2605 2042 2666 resistere
2081 2623 2298 2683 equos.

790 2716 938 2776 Inde
965 2723 1139 2791 petes
1167 2728 1397 2784 arcem,
1431 2711 1688 2772 delubra
1713 2709 1974 2773 faventia
2001 2712 2184 2773 votis:

887 2822 961 2882 Et
990 2818 1233 2881 dabitur
1262 2817 1481 2879 merito
1501 2818 1714 2878 laurea
1741 2827 1883 2879 vota
1911 2817 2065 2878 Jovi.

796 2927 937 2986 Haec
964 2942 1081 3003 ego
1111 2925 1455 2998 submotus,
1489 2939 1610 3001 qua
1637 2939 1915 3002 possum,
1949 2932 2157 2984 mente
2185 2923 2433 2986 videbo:

877 3029 1086 3108 Erepti
1114 3029 1293 3090 nobis
1311 3029 1417 3105 jus
1446 3029 1630 3088 hahet
1658 3027 1762 3088 illa
1792 3026 1937 3089 loci.

813 3139 921 3200 Illa
948 3155 1063 3217 per
1085 3137 1415 3198 immensas
1440 3135 1738 3214 spatiatur
1785 3135 1974 3198 libera
2003 3147 2223 3198 terras:

877 3249 945 3309 In
973 3249 1201 3309 coelum
1230 3245 1427 3308 celeri
1456 3245 1734 3324 pervenit
1758 3245 1862 3307 illa
1891 3246 2062 3326 suga.

798 3355 905 3414 Illa
937 3369 1109 3413 meos
1146 3352 1362 3412 oculos
1397 3350 1658 3411 mediam
1695 3350 1943 3412 deducit
1969 3351 2032 3410 in
2063 3353 2302 3426 urbem,

890 3460 1198 3518 Immunes
1226 3456 1380 3518 tanti
1410 3473 1526 3518 nec
1558 3455 1703 3518 sinit
1731 3473 1868 3518 esse
1897 3457 2066 3518 boni.

798 3565 1193 3641 invenietque
1224 3565 1405 3639 viam,
1440 3583 1559 3644 qua
1590 3583 1811 3628 currus
1841 3576 2080 3645 spectet
2117 3568 2414 3630 eburnos:

894 3673 990 3735 Sic
1034 3681 1201 3733 certe
1236 3671 1295 3732 in
1333 3671 1527 3750 patria
1566 3689 1678 3750 per
1706 3673 1892 3734 breve
1920 3683 2160 3752 tempus
2189 3690 2318 3734 ero.
