3334 5175
1800 336 2041 397 —56-2

971 470 1320 531 Grandibus
1349 467 1412 527 in
1440 464 1660 527 tumuli
1690 474 1996 525 marmore
2038 465 2207 525 caede
2240 462 2425 525 notis.

891 574 998 633 Hic
1027 590 1143 651 ego
1186 572 1289 649 qui
1311 572 1496 647 „iaceo
1527 581 1894 631 tenerorum
1924 570 2097 631 lusor
2130 586 2432 641 amorum,

975 676 1224 754 ingenio
1260 676 1438 754 perii,
1473 677 1630 736 Naso
1662 686 1871 753 poeta,
1906 691 2067 735 me0.

884 784 960 844 At
989 783 1096 844 tibi
1125 784 1229 859 qui
1258 782 1505 855 transis,
1538 800 1616 843 ne
1645 781 1725 841 sit
1752 798 1961 858 grave,
1994 780 2271 857 quisquis
2300 781 2542 852 amasti,

973 888 1210 949 Dicere:
1241 887 1490 948 Nasonis
1519 886 1787 947 molliter
1816 902 1959 947 ossa
1994 886 2245 947 cubent.

887 998 1016 1057 Hoc
1045 996 1191 1057 satis
1219 995 1284 1055 in
1315 995 1490 1057 titulo
1520 1006 1635 1055 est.
1667 994 1903 1055 Etenim
1934 994 2167 1070 majora
2195 994 2405 1065 libelli,

977 1104 1049 1162 Et
1078 1102 1365 1162 diuturna
1393 1100 1586 1179 magis
1616 1110 1761 1161 sunt
1792 1110 2187 1161 monumenta
2216 1099 2355 1159 mei.

886 1208 1050 1278 Quos
1079 1225 1196 1285 ego
1226 1206 1494 1277 confido,
1528 1204 1803 1282 quamvis
1834 1220 2127 1277 nocuere,
2161 1204 2415 1265 daturos

981 1316 1236 1387 Nomen,
1269 1325 1332 1374 et
1359 1314 1597 1375 auctori
1627 1325 1909 1391 tempora
1936 1314 2122 1391 longa
2150 1330 2288 1377 suo.

891 1424 978 1483 Tu
1010 1434 1215 1483 tamen
1244 1421 1550 1483 exstincto
1578 1421 1790 1483 feralia
1817 1438 2072 1483 munera
2099 1422 2283 1493 ferto,

975 1529 1179 1604 Deque
1207 1529 1326 1589 tuis
1357 1528 1642 1606 lacrymis
1672 1528 1920 1589 humida
1948 1540 2111 1589 serta
2140 1529 2306 1589 dato.

891 1636 1170 1707 Quamvis
1197 1636 1260 1696 in
1294 1637 1564 1697 cinerem
1593 1654 1825 1713 corpus
1852 1636 2174 1697 mutaverit
2213 1636 2392 1715 igniS,

971 1742 1200 1804 Sentiet
1229 1742 1497 1803 officium
1527 1754 1749 1803 moesta
1783 1742 1982 1803 favilla
2012 1742 2201 1819 pium.

895 1851 1176 1912 Scribere
1205 1852 1383 1928 plura
1413 1851 1583 1912 libet:
1617 1852 1727 1912 sed
1755 1868 1875 1911 vox
1903 1850 2049 1910 mihi
2077 1851 2237 1913 fessa
2265 1850 2577 1929 loquendo

977 1958 1254 2019 Dic’tandi
1283 1958 1464 2032 vireS,
1499 1959 1784 2037 siccaque
1812 1959 2017 2037 lingua
2046 1969 2250 2037 negat.

897 2065 1121 2141 Accipe
1151 2082 1442 2141 supremo
1471 2065 1705 2126 dictum
1744 2065 1890 2126 mihi
1929 2064 2186 2125 forsitan
2216 2082 2347 2137 ore,

969 2174 1165 2247 Quod,
1201 2174 1308 2236 tibi
1337 2174 1440 2251 qui
1475 2175 1679 2247 mittit,
1710 2192 1833 2235 non
1862 2175 2045 2235 habet
2074 2174 2226 2251 ipse:
2257 2176 2419 2238 Vale.

1503 2390 1866 2447 nnnc-121
1894 2392 2033 2449 lv.

888 2600 934 2658 Ο
963 2599 1108 2659 mihi
1139 2615 1282 2659 care
1313 2599 1560 2674 quidem
1592 2613 1861 2676 semper,
1896 2599 2004 2660 sed
2036 2610 2313 2678 tempore
2344 2603 2502 2663 duro

973 2704 1246 2781 Cognite,
1287 2721 1387 2764 res
1419 2713 1749 2780 postquam
1778 2706 2166 2781 procubuere
2196 2723 2376 2778 meae;

884 2809 1103 2870 Usibus
1133 2811 1356 2870 edocto
1387 2810 1437 2870 si
1469 2809 1801 2888 quidquam
1834 2811 2035 2873 credis
2062 2811 2287 2884 amic0,

973 2914 1114 2974 Vive
1143 2915 1274 2987 tibi,
1309 2927 1370 2975 et
1407 2916 1592 2994 longe
1621 2917 1868 2976 nomina
1900 2934 2117 2996 magna
2153 2918 2317 2996 suge.

879 3020 1022 3080 Vive
1050 3022 1181 3094 tibi,
1217 3033 1638 3100 quantumque
1673 3036 1852 3101 potes
1882 3025 2228 3102 praelustria
2260 3025 2404 3088 vita:

967 3129 1208 3188 Saevum
1238 3129 1550 3206 praelustri
1582 3129 1815 3190 fulmen
1848 3131 1925 3192 ab
1955 3148 2099 3192 arce
2129 3131 2317 3210 venit.

884 3236 1030 3296 Nam
1061 3253 1430 3315 quamquam
1461 3237 1578 3298 soli
1609 3250 1874 3314 possunt
1906 3241 2203 3315 prodesse
2232 3251 2537 3317 potentes,

967 3346 1096 3403 Non
1134 3344 1330 3420 prosit
1366 3345 1573 3420 potius
1603 3343 1653 3404 si
1686 3345 1822 3420 quis
1854 3347 2077 3406 obesse
2112 3358 2338 3423 potest.

881 3448 1101 3525 Effugit
1129 3449 1420 3510 hibernas
1451 3451 1720 3512 demissa
1754 3462 2022 3512 antenna
2054 3456 2389 3530 procellaS,

966 3555 1230 3630 Lataque
1262 3556 1400 3631 plus
1433 3556 1634 3632 parvis
1667 3559 1798 3618 vela
1832 3557 2067 3618 timoris
2098 3561 2345 3621 habent.

875 3660 1108 3748 Aspicis
1139 3673 1206 3720 ut
1236 3679 1472 3734 sumina
1503 3675 1720 3724 cortex
1750 3663 1899 3725 levis
1931 3666 2162 3729 innatet
2202 3649 2387 3741 unda,
