3334 5175
1788 352 2029 413 „30-

973 482 1034 545 Si
1059 500 1170 563 spe
1196 484 1340 557 sint,
1367 493 1438 545 ut
1461 492 1626 555 sunt,
1653 480 1943 544 inferiora
1967 494 2092 544 tua.
2562 568 2566 573 ι

889 593 1020 653 Non
1043 592 1177 654 haec
1200 592 1263 653 in
1287 591 1540 664 nostris,
1567 601 1640 653 ut
1665 592 1999 669 quondam,
2026 574 2355 653 'scribimus
2382 592 2603 665 hortis,

967 698 1112 773 Nec,
1143 708 1460 772 consuete,
1489 713 1715 771 meum,
1744 697 1991 772 lectule,
2024 715 2256 777 corpus
2280 698 2491 761 habes.

884 807 1090 869 lactor
1113 805 1176 865 in
1199 804 1497 867 indomito
1520 804 1785 867 brumali
1808 806 1947 867 luce
1972 805 2306 883 profundo:

969 914 1227 992 Ipsaque
1251 912 1530 975 caeruleis
1555 913 1768 975 charta
1792 911 2009 975 feritur
2030 913 2228 990 aquis.

884 1022 1168 1100 Improba
1195 1032 1428 1101 pugnat
1451 1021 1687 1099 hyems,
1716 1020 2215 1099 indignaturque,
2244 1022 2413 1100 quod
2436 1021 2639 1083 ausim

965 1128 1272 1203 Scribere,
1295 1146 1364 1191 se
1385 1129 1614 1208 rigidas
1635 1128 1970 1192 incutiente
1996 1130 2209 1191 minas.

881 1236 1095 1301 Vincat
1121 1237 1334 1315 hyems
1361 1236 1695 1311 hominem3
1724 1237 1835 1298 sed
1862 1237 2081 1299 eodem
2108 1245 2409 1314 tempore,
2440 1250 2679 1315 quaeso,

964 1346 1104 1423 lpse
1126 1345 1380 1409 modum
1403 1355 1663 1408 statuam
1692 1344 2003 1418 carminis,
2032 1344 2133 1405 illa
2158 1344 2274 1405 sui.

1170 1939 1675 2145 LIBER
1780 1937 2653 2145 SECUNDUS.

1543 2713 1908 2771 ulamau
1956 2714 2277 2772 (mlum.

885 3057 1040 3128 Quid
1069 3056 1214 3117 mihi
1232 3056 1550 3119 vobiscum
1579 3070 1695 3131 est,
1728 3059 1939 3121 infelix
1960 3075 2134 3133 cura,
2167 3059 2377 3130 libeni,

967 3165 1218 3245 Ingenio
1244 3165 1400 3245 perii
1428 3165 1534 3245 qui
1553 3166 1741 3229 miser
1766 3166 1900 3246 ipse
1928 3167 2099 3230 meo?

881 3271 1001 3333 Cur
1027 3274 1206 3334 modo
1236 3275 1552 3334 damnatas
1581 3285 1819 3351 repeto,
1865 3292 2002 3336 mea
2028 3275 2304 3349 crimina,
2336 3275 2566 3337 Musas?

966 3379 1058 3440 An
1086 3379 1276 3441 semel
1297 3389 1393 3440 est
1419 3395 1668 3457 poenam
1695 3377 2135 3442 commeruisse
2162 3381 2411 3458 parum?

884 3483 1164 3544 Carmina
1191 3484 1491 3558 fecerunt,
1527 3495 1596 3546 ut
1623 3501 1722 3546 me
1743 3501 2123 3564 cognoscere
2151 3490 2380 3550 vellent

965 3591 1178 3653 Omine
1205 3609 1331 3652 non
1361 3594 1562 3656 fausto
1591 3593 1842 3658 soemina
1866 3594 2101 3674 virque,
2126 3614 2279 3658 mea.

890 3697 1166 3759 Carmina
1193 3699 1491 3771 fecerunt,
1525 3709 1592 3760 ut
1621 3716 1719 3760 me
1748 3717 2075 3779 moresque
2102 3714 2344 3768 notaret
