3334 5175
1274 354 1516 415 ...(35.-

345 494 584 555 Primus
624 492 688 555 id
715 490 926 568 aspexi
955 488 1184 551 teneris
1211 489 1274 549 in
1299 488 1558 568 virginis
1577 489 1783 551 annis:

427 604 624 680 thue
657 610 828 680 patet
854 615 1028 661 venae
1053 598 1304 676 duxque
1333 614 1666 676 comesque
1692 598 1801 659 fni.

341 713 504 791 Ergo
533 710 584 771 si
615 718 936 771 remanent
969 706 1141 785 ignes
1171 706 1281 769 tibi
1319 706 1592 785 pectoris
1611 706 1801 779 idem,

427 824 571 885 Sola
589 833 760 883 tuum
791 830 962 881 vates
991 818 1204 881 Lesbia
1231 819 1436 881 vincet
1458 836 1638 898 opus.

349 932 472 991 Sed
497 947 718 991 vereor
745 946 826 989 ne
854 939 916 989 te
953 944 1088 989 mea
1115 944 1282 989 nunc
1316 926 1566 991 fortuna
1595 927 1888 999 retardet,

430 1040 698 1115 Postque
733 1054 908 1099 meos
929 1052 1114 1099 casus
1142 1036 1220 1099 sit
1245 1036 1354 1099 tibi
1383 1047 1602 1116 peetus
1627 1036 1818 1097 iners,

347 1149 500 1208 Dum
521 1146 714 1219 licuit,
742 1157 848 1207 tua
876 1162 1044 1224 saepe
1071 1144 1239 1218 milii,
1277 1143 1388 1207 tibi
1413 1154 1627 1207 nostra
1650 1144 1957 1223 legebam:

431 1256 608 1334 Saepe
627 1254 716 1316 tui
741 1255 962 1331 judex,
987 1270 1154 1331 saepe
1174 1253 1467 1332 magister
1508 1268 1700 1315 eram.

347 1363 467 1425 Aut
495 1380 612 1442 ego
642 1362 998 1441 praebebam
1023 1359 1200 1423 factis
1227 1360 1414 1423 modo
1435 1360 1715 1423 versibus
1752 1376 1959 1432 aureS,

431 1469 552 1529 Aut
576 1467 682 1529 ubi
703 1483 1001 1539 cessaraS,
1037 1483 1258 1529 caussa
1277 1466 1526 1527 ruboris
1545 1482 1735 1528 eram.

348 1574 626 1637 Forsitan
671 1574 978 1653 exemplo,
1003 1574 1146 1651 quia
1175 1588 1274 1634 me
1299 1573 1517 1634 laesere
1544 1570 1762 1643 libelli,

441 1684 531 1744 Tu
562 1700 808 1761 quoque
843 1682 928 1744 sis
953 1696 1162 1761 poenae
1189 1682 1311 1744 fata
1331 1692 1544 1744 secuta
1565 1696 1745 1743 meae.

354 1794 542 1865 Pone,
576 1789 816 1864 Perilla,
842 1799 1096 1851 metum:
1127 1790 1556 1851 tantummodo
1583 1786 1807 1850 femina
1838 1804 1963 1849 non
1998 1788 2077 1849 sit

433 1900 632 1972 Devia,
656 1916 771 1960 nec
791 1897 1036 1977 scriptis
1053 1897 1251 1960 diseat
1276 1914 1484 1961 amare
1509 1897 1653 1959 tuis.

355 2010 519 2087 Ergo
549 2008 800 2097 desidiae
827 2008 1076 2069 remove
1099 2005 1452 2069 doctissima
1467 2020 1707 2067 causas:

443 2116 632 2193 Inque
659 2116 854 2177 bonas
881 2126 1067 2188 arteS,
1105 2125 1168 2176 et
1193 2125 1298 2176 tua
1327 2128 1503 2175 sacra
1528 2114 1684 2175 redi.

357 2226 480 2286 Ista
509 2226 737 2286 decens
765 2224 952 2285 facies
988 2223 1192 2302 longis
1212 2223 1522 2285 vitiabitur
1539 2222 1739 2294 anniS,

434 2332 728 2410 Rugaque
752 2330 814 2389 in
835 2330 1086 2407 antiqua
1109 2324 1317 2391 fronte
1347 2326 1562 2389 senilis
1583 2326 1724 2389 erit:
2084 2342 2240 2467 w&

358 2438 718 2517 lnjicietque
745 2452 994 2500 manum
1009 2439 1230 2499 formae
1255 2437 1554 2499 damnosa
1581 2448 1891 2510 senectuS,
1916 2384 2087 2513 μὶῑῴ

442 2546 590 2618 Quae
615 2545 942 2625 strepitum
971 2560 1159 2624 passu
1188 2560 1316 2606 non
1333 2543 1594 2607 faciente
1613 2544 1801 2606 venit.

356 2655 627 2732 Cumque
654 2654 874 2731 aliquis
891 2653 1078 2728 dicet,
1107 2649 1242 2715 Fuit
1274 2655 1409 2714 haeo
1431 2652 1727 2727 formosa,
1762 2652 2024 2714 dolebis:

439 2763 512 2822 Et
543 2762 864 2840 speculum
895 2762 1159 2823 mendax
1186 2775 1325 2822 esse
1345 2775 1608 2838 querere
1627 2772 1826 2822 tuum.

357 2869 511 2929 Sunt
530 2865 640 2928 tibi
667 2883 818 2944 opes
847 2865 1130 2940 modicae,
1163 2880 1309 2927 eum
1337 2865 1422 2926 sis
1451 2864 1807 2946 dignissima
1834 2864 2093 2943 magnis.

440 2974 627 3055 Finge
647 2976 758 3036 sed
793 2975 1088 3037 inmensis
1117 2974 1408 3037 censibus
1427 2989 1566 3036 esse
1601 2989 1805 3052 pares:
1869 2939 2121 3066 Νἶςλυ)

357 3085 586 3162 Nempe
615 3085 720 3146 dat
747 3083 808 3146 id
835 3085 1202 3162 cuicumque
1229 3083 1378 3145 libet
1407 3083 1671 3156 fortuna,
1704 3081 2008 3160 rapitque:

444 3191 576 3251 Irus
603 3200 666 3252 et
691 3201 788 3252 est
815 3189 1044 3263 subito,
1073 3188 1178 3266 qui
1199 3189 1388 3250 modo
1415 3189 1664 3249 Croesus
1692 3197 1845 3246 erat.

354 3295 606 3375 Singula
635 3297 780 3374 quid
805 3295 1096 3360 referam?
1125 3295 1210 3356 nil
1241 3311 1367 3356 non
1396 3294 1656 3356 mortale
1680 3303 1983 3364 tenemus,

440 3402 712 3464 Pectoris
741 3403 1018 3481 exeeptis
1043 3401 1396 3481 ingeniique
1423 3400 1626 3463 bonis.

359 3510 448 3568 En
481 3525 596 3586 ego
625 3526 768 3570 cum
795 3509 992 3588 patria
1021 3524 1286 3580 caream,
1319 3507 1618 3584 vobisque
1646 3509 1979 3586 domoque,

448 3619 762 3696 Raptaque
789 3618 934 3690 sint,
965 3617 1150 3678 adimi
1179 3631 1320 3693 quae
1349 3625 1632 3694 potuere,
1667 3615 1837 3689 mihi3

363 3722 618 3801 Ingenio
645 3734 850 3786 tamen
869 3723 1002 3801 ipse
1032 3737 1169 3782 meo
1206 3721 1588 3800 comitorque
1621 3723 1935 3801 fruorque:
