3334 5175
1289 345 1530 403 -25.„.

465 475 935 546 EmendaturuS,
971 472 1020 533 si
1049 472 1345 546 licuisset,
1379 488 1567 533 eram.

976 688 1340 745 mmm
1370 690 1598 745 vlu.

377 900 441 958 In
472 908 656 976 caput
683 898 804 958 alta
835 914 1016 959 suum
1045 901 1330 962 labentur
1358 901 1436 962 ab
1465 916 1718 979 aequore
1746 911 1915 964 retro

462 1002 754 1077 Flumina;
790 1005 1103 1066 conversis
1133 1004 1350 1082 solque
1379 1017 1660 1069 recurret
1688 1007 1884 1085 equisz

376 1111 564 1171 Terra
590 1110 744 1171 feret
770 1110 1001 1172 stellas:
1035 1112 1262 1173 coelum
1289 1111 1558 1174 findetur
1586 1123 1817 1175 aratro:

457 1217 629 1279 Unda
657 1216 824 1278 dabit
852 1218 1148 1292 flammas3
1183 1230 1246 1280 et
1275 1220 1442 1284 dabit
1467 1220 1627 1299 ignis
1655 1236 1868 1300 aquas:

372 1325 582 1389 Omnia
609 1338 848 1391 naturae
873 1340 1258 1408 praepostera
1283 1329 1524 1410 legibus
1551 1328 1753 1403 ibunt;

453 1437 722 1513 Parsque
751 1453 934 1499 suum
965 1438 1178 1500 mundi
1204 1440 1372 1501 nulla
1393 1438 1625 1501 tenebit
1651 1438 1789 1501 iter.

369 1543 576 1604 Omnia
597 1544 725 1621 Jam
754 1544 920 1619 fient,
956 1546 1088 1607 fieri
1115 1563 1256 1625 quae
1284 1564 1469 1626 posse
1499 1549 1821 1627 negabam3

457 1650 530 1711 Et
555 1648 705 1710 nihil
733 1661 829 1715 est
855 1654 934 1713 de
962 1669 1087 1732 quo
1115 1671 1242 1715 non
1271 1654 1350 1715 sit
1376 1654 1660 1717 habenda
1688 1654 1862 1717 fides.

374 1765 516 1825 Haec
541 1781 662 1843 ego
688 1762 1004 1836 vaticinor,
1037 1762 1180 1841 quia
1207 1781 1344 1825 sum
1373 1766 1671 1843 deceptus
1698 1763 1931 1838 abillo,

455 1872 748 1931 Laturum
775 1866 1000 1931 misero
1029 1886 1214 1947 quem
1242 1869 1388 1949 mihi
1417 1870 1600 1931 rebar
1628 1887 1831 1949 opem.

375 1981 644 2041 Tantane
673 1990 758 2051 te,
792 1978 996 2051 fallax,
1029 1994 1252 2057 cepere
1281 1977 1501 2041 oblivia
1529 1979 1753 2062 nostri?

451 2086 858 2149 Adflictumne
887 2085 1001 2147 fuit
1029 2096 1236 2147 tantus
1265 2086 1436 2147 adire
1465 2087 1691 2164 pudor,

367 2192 445 2252 Ut
461 2208 671 2269 aneque
701 2191 1066 2270 respicereS,
1098 2208 1214 2251 nec
1243 2191 1514 2250 solarere
1534 2190 1867 2267 jacentem,

452 2300 634 2361 Dure!
668 2318 786 2361 nec
815 2298 1138 2375 exsequias
1166 2315 1612 2377 prosequerere
1640 2302 1837 2363 meas?

367 2405 524 2467 Illud
553 2402 836 2466 amicitiae
866 2414 1145 2465 sanctum
1174 2421 1246 2465 ac
1276 2404 1622 2467 venerabile
1649 2422 1875 2468 nomen

449 2512 536 2571 Re
563 2509 675 2573 tibi
703 2526 820 2589 pro
849 2506 951 2571 vili
983 2510 1100 2571 sub
1125 2509 1510 2589 pedibusque
1527 2490 1725 2590 jacet?

367 2621 520 2693 Quid
549 2623 662 2684 fuit
717 2622 950 2702 ingenti
977 2632 1323 2701 postratum
1351 2623 1514 2684 mole
1541 2625 1815 2686 sodalem

454 2731 688 2804 Visere,
724 2741 786 2792 et
815 2730 1089 2808 adloquii
1120 2742 1296 2809 parte
1323 2732 1526 2794 levare
1553 2732 1671 2794 tui?

363 2838 556 2914 Inque
585 2852 758 2896 meos
789 2836 840 2896 si
874 2853 1000 2898 non
1029 2838 1360 2915 lacrymam
1389 2837 1697 2902 dimittere
1725 2857 1927 2914 casuS,

443 2947 644 3006 Pauca
674 2956 879 3008 tamen
910 2945 1054 3007 ficto
1084 2947 1270 3008 verba
1298 2946 1514 3008 dolore
1541 2948 1743 3024 queri?

360 3052 574 3129 quue,
611 3053 784 3130 quod
812 3051 1012 3129 ignoti
1040 3051 1295 3124 faciunt,
1328 3053 1666 3115 valedicere
1694 3057 1932 3127 saltem,

443 3159 518 3218 Et
547 3174 768 3218 vocem
801 3156 1016 3234 populi
1045 3154 1413 3233 publicaque
1441 3175 1550 3217 ora
1577 3160 1780 3234 sequi?

358 3263 632 3342 Denique
660 3263 958 3342 lugubres
989 3261 1220 3335 vultus,
1255 3279 1695 3340 nunquamque
1720 3263 2017 3327 videndos

447 3357 714 3432 Cernere
745 3386 1059 3448 supreme,
1093 3371 1239 3432 dum
1267 3369 1581 3447 licuitque,
1615 3371 1742 3432 die?

360 3479 824 3557 Dicendumque
851 3479 1044 3540 semel
1073 3488 1204 3538 toto
1234 3496 1360 3538 non
1389 3479 1650 3556 amplius
1676 3497 1809 3542 aevo

445 3583 760 3662 Accipere,
795 3595 856 3644 et
888 3582 1064 3660 parili
1092 3583 1353 3643 reddere
1383 3599 1549 3656 voce,
1583 3586 1754 3644 Vale?

360 3693 437 3751 At
468 3691 669 3751 fecere
699 3693 796 3752 alii
826 3694 996 3753 nullo
1027 3691 1170 3751 mihi
1197 3692 1432 3754 foedere
1453 3693 1677 3770 juncti,
