<?xml version="1.0" encoding="UTF-8"?>
<!DOCTYPE html PUBLIC "-//W3C//DTD XHTML 1.0 Transitional//EN"
    "http://www.w3.org/TR/xhtml1/DTD/xhtml1-transitional.dtd">
<html xmlns="http://www.w3.org/1999/xhtml" xml:lang="en" lang="en">
 <head>
  <title>
</title>
<meta http-equiv="Content-Type" content="text/html;charset=utf-8" />
  <meta name='ocr-system' content='tesseract 3.04.00' />
  <meta name='ocr-capabilities' content='ocr_page ocr_carea ocr_par ocr_line ocrx_word'/>
</head>
<body>
  <div class='ocr_page' id='page_1' title='image "./povidiinasonist02ovidgoog_0088.png"; bbox 0 0 3334 5175; ppageno 0'>
   <div class='ocr_carea' id='block_1_1' title="bbox 449 505 2270 1544">
    <p class='ocr_par' dir='ltr' id='par_1_1' title="bbox 449 505 2270 1544">
     <span class='ocr_line' id='line_1_1' title="bbox 460 505 1939 584; baseline 0.001 -19"><span class='ocrx_word' id='word_1_1' title='bbox 460 507 611 567; x_wconf 87' lang='lat' dir='ltr'>Vera</span> <span class='ocrx_word' id='word_1_2' title='bbox 639 517 840 567; x_wconf 86' lang='lat' dir='ltr'>tamen</span> <span class='ocrx_word' id='word_1_3' title='bbox 870 506 1139 582; x_wconf 88' lang='lat' dir='ltr'>populus</span> <span class='ocrx_word' id='word_1_4' title='bbox 1168 505 1369 583; x_wconf 85' lang='lat' dir='ltr'>capiet</span> <span class='ocrx_word' id='word_1_5' title='bbox 1396 508 1746 584; x_wconf 85' lang='lat' dir='ltr'>spectacula</span> <span class='ocrx_word' id='word_1_6' title='bbox 1775 508 1939 579; x_wconf 80' lang='lat' dir='ltr'><strong>felix,</strong></span> 
     </span>
     <span class='ocr_line' id='line_1_2' title="bbox 548 613 2016 691; baseline -0.001 -16"><span class='ocrx_word' id='word_1_7' title='bbox 548 616 831 691; x_wconf 79' lang='lat' dir='ltr'>Laetaque</span> <span class='ocrx_word' id='word_1_8' title='bbox 859 613 975 674; x_wconf 90' lang='lat' dir='ltr'>erit</span> <span class='ocrx_word' id='word_1_9' title='bbox 1002 629 1278 691; x_wconf 83' lang='lat' dir='ltr'>praesens</span> <span class='ocrx_word' id='word_1_10' title='bbox 1310 631 1453 674; x_wconf 89' lang='lat' dir='ltr'>cum</span> <span class='ocrx_word' id='word_1_11' title='bbox 1489 615 1646 675; x_wconf 91' lang='lat' dir='ltr'>duce</span> <span class='ocrx_word' id='word_1_12' title='bbox 1668 616 1848 676; x_wconf 86' lang='lat' dir='ltr'>turba</span> <span class='ocrx_word' id='word_1_13' title='bbox 1877 632 2016 675; x_wconf 86' lang='lat' dir='ltr'>suo:</span> 
     </span>
     <span class='ocr_line' id='line_1_3' title="bbox 460 719 1883 797; baseline 0 -18"><span class='ocrx_word' id='word_1_14' title='bbox 460 720 535 782; x_wconf 84' lang='lat' dir='ltr'>At</span> <span class='ocrx_word' id='word_1_15' title='bbox 567 720 713 779; x_wconf 89' lang='lat' dir='ltr'>mihi</span> <span class='ocrx_word' id='word_1_16' title='bbox 744 719 999 796; x_wconf 83' lang='lat' dir='ltr'>fingenti</span> <span class='ocrx_word' id='word_1_17' title='bbox 1028 728 1284 780; x_wconf 88' lang='lat' dir='ltr'>tamtum</span> <span class='ocrx_word' id='word_1_18' title='bbox 1310 720 1615 797; x_wconf 81' lang='lat' dir='ltr'>longeque</span> <span class='ocrx_word' id='word_1_19' title='bbox 1644 730 1883 781; x_wconf 85' lang='lat' dir='ltr'>remoto</span> 
     </span>
     <span class='ocr_line' id='line_1_4' title="bbox 536 828 1826 905; baseline 0.001 -17"><span class='ocrx_word' id='word_1_20' title='bbox 536 828 799 889; x_wconf 85' lang='lat' dir='ltr'><strong>Auribus</strong></span> <span class='ocrx_word' id='word_1_21' title='bbox 828 828 927 888; x_wconf 87' lang='lat' dir='ltr'>hic</span> <span class='ocrx_word' id='word_1_22' title='bbox 956 828 1194 889; x_wconf 80' lang='lat' dir='ltr'>fructus</span> <span class='ocrx_word' id='word_1_23' title='bbox 1222 828 1657 905; x_wconf 86' lang='lat' dir='ltr'>percipiendus</span> <span class='ocrx_word' id='word_1_24' title='bbox 1688 828 1826 901; x_wconf 90' lang='lat' dir='ltr'>erit;</span> 
     </span>
     <span class='ocr_line' id='line_1_5' title="bbox 453 936 2010 1014; baseline 0 -19"><span class='ocrx_word' id='word_1_25' title='bbox 453 936 647 1013; x_wconf 85' lang='lat' dir='ltr'>Atque</span> <span class='ocrx_word' id='word_1_26' title='bbox 674 938 893 1014; x_wconf 89' lang='lat' dir='ltr'>procul</span> <span class='ocrx_word' id='word_1_27' title='bbox 917 936 1083 997; x_wconf 88' lang='lat' dir='ltr'>Latio</span> <span class='ocrx_word' id='word_1_28' title='bbox 1114 936 1421 997; x_wconf 83' lang='lat' dir='ltr'>diversum</span> <span class='ocrx_word' id='word_1_29' title='bbox 1450 936 1673 997; x_wconf 87' lang='lat' dir='ltr'>missus</span> <span class='ocrx_word' id='word_1_30' title='bbox 1703 936 1766 995; x_wconf 91' lang='lat' dir='ltr'>in</span> <span class='ocrx_word' id='word_1_31' title='bbox 1797 937 2010 997; x_wconf 89' lang='lat' dir='ltr'>orbem</span> 
     </span>
     <span class='ocr_line' id='line_1_6' title="bbox 536 1042 1818 1119; baseline -0.001 -17"><span class='ocrx_word' id='word_1_32' title='bbox 536 1042 647 1113; x_wconf 79' lang='lat' dir='ltr'>Qui</span> <span class='ocrx_word' id='word_1_33' title='bbox 672 1054 879 1103; x_wconf 89' lang='lat' dir='ltr'>narret</span> <span class='ocrx_word' id='word_1_34' title='bbox 907 1042 1155 1119; x_wconf 84' lang='lat' dir='ltr'>cupide,</span> <span class='ocrx_word' id='word_1_35' title='bbox 1187 1042 1289 1103; x_wconf 81' lang='lat' dir='ltr'>vix</span> <span class='ocrx_word' id='word_1_36' title='bbox 1318 1042 1455 1114; x_wconf 84' lang='lat' dir='ltr'>erit,</span> <span class='ocrx_word' id='word_1_37' title='bbox 1491 1042 1607 1103; x_wconf 87' lang='lat' dir='ltr'>ista</span> <span class='ocrx_word' id='word_1_38' title='bbox 1647 1042 1818 1101; x_wconf 91' lang='lat' dir='ltr'>mihi.</span> 
     </span>
     <span class='ocr_line' id='line_1_7' title="bbox 451 1149 2270 1227; baseline 0 -18"><span class='ocrx_word' id='word_1_39' title='bbox 451 1151 513 1223; x_wconf 82' lang='lat' dir='ltr'>Is</span> <span class='ocrx_word' id='word_1_40' title='bbox 536 1168 782 1227; x_wconf 87' lang='lat' dir='ltr'>quoque</span> <span class='ocrx_word' id='word_1_41' title='bbox 802 1151 930 1226; x_wconf 86' lang='lat' dir='ltr'>jam</span> <span class='ocrx_word' id='word_1_42' title='bbox 960 1167 1166 1210; x_wconf 88' lang='lat' dir='ltr'>serum</span> <span class='ocrx_word' id='word_1_43' title='bbox 1194 1149 1419 1211; x_wconf 79' lang='lat' dir='ltr'>referet</span> <span class='ocrx_word' id='word_1_44' title='bbox 1448 1160 1843 1227; x_wconf 86' lang='lat' dir='ltr'>veteremque</span> <span class='ocrx_word' id='word_1_45' title='bbox 1870 1149 2270 1227; x_wconf 64' lang='lat' dir='ltr'>triumphum</span> 
     </span>
     <span class='ocr_line' id='line_1_8' title="bbox 538 1255 1884 1333; baseline 0 -18"><span class='ocrx_word' id='word_1_46' title='bbox 538 1256 668 1326; x_wconf 83' lang='lat' dir='ltr'>Quo</span> <span class='ocrx_word' id='word_1_47' title='bbox 696 1266 899 1315; x_wconf 87' lang='lat' dir='ltr'>tamen</span> <span class='ocrx_word' id='word_1_48' title='bbox 926 1255 1178 1317; x_wconf 83' lang='lat' dir='ltr'>audiero</span> <span class='ocrx_word' id='word_1_49' title='bbox 1206 1265 1509 1333; x_wconf 87' lang='lat' dir='ltr'>tempore,</span> <span class='ocrx_word' id='word_1_50' title='bbox 1543 1256 1724 1315; x_wconf 78' lang='lat' dir='ltr'>laetus</span> <span class='ocrx_word' id='word_1_51' title='bbox 1753 1272 1884 1316; x_wconf 90' lang='lat' dir='ltr'>ero.</span> 
     </span>
     <span class='ocr_line' id='line_1_9' title="bbox 449 1359 1890 1436; baseline -0.001 -17"><span class='ocrx_word' id='word_1_52' title='bbox 449 1362 555 1421; x_wconf 88' lang='lat' dir='ltr'>llla</span> <span class='ocrx_word' id='word_1_53' title='bbox 584 1361 714 1421; x_wconf 88' lang='lat' dir='ltr'>dies</span> <span class='ocrx_word' id='word_1_54' title='bbox 743 1360 966 1432; x_wconf 87' lang='lat' dir='ltr'>veniet,</span> <span class='ocrx_word' id='word_1_55' title='bbox 1000 1378 1136 1421; x_wconf 89' lang='lat' dir='ltr'>mea</span> <span class='ocrx_word' id='word_1_56' title='bbox 1166 1377 1286 1436; x_wconf 89' lang='lat' dir='ltr'>qua</span> <span class='ocrx_word' id='word_1_57' title='bbox 1324 1359 1610 1436; x_wconf 82' lang='lat' dir='ltr'>lugubria</span> <span class='ocrx_word' id='word_1_58' title='bbox 1639 1376 1890 1435; x_wconf 87' lang='lat' dir='ltr'>ponam,</span> 
     </span>
     <span class='ocr_line' id='line_1_10' title="bbox 532 1466 1773 1544; baseline -0.003 -16"><span class='ocrx_word' id='word_1_59' title='bbox 532 1470 847 1543; x_wconf 80' lang='lat' dir='ltr'>Causaque</span> <span class='ocrx_word' id='word_1_60' title='bbox 874 1467 1107 1544; x_wconf 86' lang='lat' dir='ltr'>privata</span> <span class='ocrx_word' id='word_1_61' title='bbox 1137 1466 1384 1543; x_wconf 87' lang='lat' dir='ltr'>publica</span> <span class='ocrx_word' id='word_1_62' title='bbox 1413 1468 1610 1542; x_wconf 88' lang='lat' dir='ltr'>major</span> <span class='ocrx_word' id='word_1_63' title='bbox 1634 1466 1773 1527; x_wconf 90' lang='lat' dir='ltr'>erit.</span> 
     </span>
    </p>
   </div>
   <div class='ocr_carea' id='block_1_2' title="bbox 1150 1682 1700 1736">
    <p class='ocr_par' dir='ltr' id='par_1_2' title="bbox 1150 1682 1700 1736">
     <span class='ocr_line' id='line_1_11' title="bbox 1150 1682 1700 1736; baseline -0.002 -1"><span class='ocrx_word' id='word_1_64' title='bbox 1150 1682 1515 1736; x_wconf 63' lang='lat' dir='ltr'><strong>ELEGIA</strong></span> <span class='ocrx_word' id='word_1_65' title='bbox 1541 1682 1700 1735; x_wconf 83' lang='lat'>111.</span> 
     </span>
    </p>
   </div>
   <div class='ocr_carea' id='block_1_3' title="bbox 442 1888 2286 3666">
    <p class='ocr_par' dir='ltr' id='par_1_3' title="bbox 442 1888 2286 3666">
     <span class='ocr_line' id='line_1_12' title="bbox 450 1888 2243 1972; baseline -0.003 -18"><span class='ocrx_word' id='word_1_66' title='bbox 450 1896 667 1972; x_wconf 83' lang='lat' dir='ltr'>Magna</span> <span class='ocrx_word' id='word_1_67' title='bbox 696 1892 1015 1967; x_wconf 79' lang='lat' dir='ltr'>minorque</span> <span class='ocrx_word' id='word_1_68' title='bbox 1046 1890 1214 1961; x_wconf 82' lang='lat' dir='ltr'>ferae,</span> <span class='ocrx_word' id='word_1_69' title='bbox 1250 1906 1510 1965; x_wconf 87' lang='lat' dir='ltr'>quarum</span> <span class='ocrx_word' id='word_1_70' title='bbox 1538 1888 1726 1967; x_wconf 79' lang='lat' dir='ltr'>regiS,</span> <span class='ocrx_word' id='word_1_71' title='bbox 1759 1890 1976 1962; x_wconf 84' lang='lat' dir='ltr'>altera,</span> <span class='ocrx_word' id='word_1_72' title='bbox 2009 1888 2243 1962; x_wconf 85' lang='lat' dir='ltr'>Graias,</span> 
     </span>
     <span class='ocr_line' id='line_1_13' title="bbox 536 1995 1831 2072; baseline -0.002 -14"><span class='ocrx_word' id='word_1_73' title='bbox 536 1999 763 2071; x_wconf 87' lang='lat' dir='ltr'>Altera,</span> <span class='ocrx_word' id='word_1_74' title='bbox 798 1996 1099 2069; x_wconf 88' lang='lat' dir='ltr'>Sidonias,</span> <span class='ocrx_word' id='word_1_75' title='bbox 1133 2006 1397 2072; x_wconf 85' lang='lat' dir='ltr'>utraque</span> <span class='ocrx_word' id='word_1_76' title='bbox 1426 1995 1611 2068; x_wconf 86' lang='lat' dir='ltr'>sicca,</span> <span class='ocrx_word' id='word_1_77' title='bbox 1643 2005 1831 2069; x_wconf 86' lang='lat' dir='ltr'>rates,</span> 
     </span>
     <span class='ocr_line' id='line_1_14' title="bbox 448 2100 1942 2183; baseline -0.003 -18"><span class='ocrx_word' id='word_1_78' title='bbox 448 2104 662 2165; x_wconf 89' lang='lat' dir='ltr'>Omnia</span> <span class='ocrx_word' id='word_1_79' title='bbox 692 2120 881 2180; x_wconf 89' lang='lat' dir='ltr'>quum</span> <span class='ocrx_word' id='word_1_80' title='bbox 911 2118 1153 2163; x_wconf 90' lang='lat' dir='ltr'>summo</span> <span class='ocrx_word' id='word_1_81' title='bbox 1180 2100 1399 2177; x_wconf 83' lang='lat' dir='ltr'>positae</span> <span class='ocrx_word' id='word_1_82' title='bbox 1427 2100 1682 2183; x_wconf 83' lang='lat' dir='ltr'>videatis</span> <span class='ocrx_word' id='word_1_83' title='bbox 1711 2100 1774 2159; x_wconf 89' lang='lat' dir='ltr'>in</span> <span class='ocrx_word' id='word_1_84' title='bbox 1803 2113 1942 2173; x_wconf 80' lang='lat' dir='ltr'>axe,</span> 
     </span>
     <span class='ocr_line' id='line_1_15' title="bbox 539 2204 1842 2281; baseline -0.002 -12"><span class='ocrx_word' id='word_1_85' title='bbox 539 2211 613 2272; x_wconf 89' lang='lat' dir='ltr'>Et</span> <span class='ocrx_word' id='word_1_86' title='bbox 642 2208 828 2269; x_wconf 89' lang='lat' dir='ltr'>maris</span> <span class='ocrx_word' id='word_1_87' title='bbox 855 2208 1146 2268; x_wconf 84' lang='lat' dir='ltr'>occiduas</span> <span class='ocrx_word' id='word_1_88' title='bbox 1175 2222 1301 2265; x_wconf 89' lang='lat' dir='ltr'>non</span> <span class='ocrx_word' id='word_1_89' title='bbox 1331 2204 1599 2265; x_wconf 83' lang='lat' dir='ltr'>subeatis</span> <span class='ocrx_word' id='word_1_90' title='bbox 1628 2221 1842 2281; x_wconf 87' lang='lat' dir='ltr'>aquas,</span> 
     </span>
     <span class='ocr_line' id='line_1_16' title="bbox 442 2309 2078 2389; baseline -0.001 -14"><span class='ocrx_word' id='word_1_91' title='bbox 442 2313 911 2389; x_wconf 84' lang='lat' dir='ltr'>AEtheriamque</span> <span class='ocrx_word' id='word_1_92' title='bbox 942 2310 1069 2371; x_wconf 89' lang='lat' dir='ltr'>suis</span> <span class='ocrx_word' id='word_1_93' title='bbox 1105 2310 1359 2387; x_wconf 86' lang='lat' dir='ltr'>cingens</span> <span class='ocrx_word' id='word_1_94' title='bbox 1386 2309 1770 2388; x_wconf 78' lang='lat' dir='ltr'>amplexibus</span> <span class='ocrx_word' id='word_1_95' title='bbox 1797 2326 2030 2383; x_wconf 86' lang='lat' dir='ltr'>arcem,</span> <span class='ocrx_word' id='word_1_96' title='bbox 2065 2309 2078 2318; x_wconf 75' lang='grc'><em>”</em></span> 
     </span>
     <span class='ocr_line' id='line_1_17' title="bbox 540 2415 1918 2489; baseline -0.001 -11"><span class='ocrx_word' id='word_1_97' title='bbox 540 2421 756 2478; x_wconf 86' lang='lat' dir='ltr'>Vester</span> <span class='ocrx_word' id='word_1_98' title='bbox 784 2419 860 2478; x_wconf 91' lang='lat' dir='ltr'>ab</span> <span class='ocrx_word' id='word_1_99' title='bbox 890 2416 1117 2477; x_wconf 87' lang='lat' dir='ltr'>intacta</span> <span class='ocrx_word' id='word_1_100' title='bbox 1150 2415 1421 2477; x_wconf 86' lang='lat' dir='ltr'>circulus</span> <span class='ocrx_word' id='word_1_101' title='bbox 1450 2426 1649 2478; x_wconf 85' lang='lat' dir='ltr'>exstet</span> <span class='ocrx_word' id='word_1_102' title='bbox 1679 2418 1918 2489; x_wconf 67' lang='lat' dir='ltr'>humm-</span> 
     </span>
     <span class='ocr_line' id='line_1_18' title="bbox 451 2523 2254 2604; baseline -0.001 -14"><span class='ocrx_word' id='word_1_103' title='bbox 451 2524 721 2604; x_wconf 79' lang='lat' dir='ltr'>Aspicite</span> <span class='ocrx_word' id='word_1_104' title='bbox 748 2524 871 2598; x_wconf 87' lang='lat' dir='ltr'>illa,</span> <span class='ocrx_word' id='word_1_105' title='bbox 903 2540 1150 2603; x_wconf 84' lang='lat' dir='ltr'>precor,</span> <span class='ocrx_word' id='word_1_106' title='bbox 1184 2540 1323 2602; x_wconf 83' lang='lat' dir='ltr'>quae</span> <span class='ocrx_word' id='word_1_107' title='bbox 1352 2541 1477 2584; x_wconf 89' lang='lat' dir='ltr'>non</span> <span class='ocrx_word' id='word_1_108' title='bbox 1505 2524 1665 2585; x_wconf 85' lang='lat' dir='ltr'>bene</span> <span class='ocrx_word' id='word_1_109' title='bbox 1693 2523 1920 2586; x_wconf 86' lang='lat' dir='ltr'>moenia</span> <span class='ocrx_word' id='word_1_110' title='bbox 1945 2526 2254 2603; x_wconf 82' lang='lat' dir='ltr'>quondam</span> 
     </span>
     <span class='ocr_line' id='line_1_19' title="bbox 546 2632 1702 2706; baseline 0.001 -13"><span class='ocrx_word' id='word_1_111' title='bbox 546 2632 777 2694; x_wconf 84' lang='lat' dir='ltr'>Dicitur</span> <span class='ocrx_word' id='word_1_112' title='bbox 803 2633 1019 2694; x_wconf 83' lang='lat' dir='ltr'>Iliades</span> <span class='ocrx_word' id='word_1_113' title='bbox 1046 2633 1427 2694; x_wconf 78' lang='lat' dir='ltr'>transiluisse</span> <span class='ocrx_word' id='word_1_114' title='bbox 1454 2635 1702 2706; x_wconf 89' lang='lat' dir='ltr'>Remus;</span> 
     </span>
     <span class='ocr_line' id='line_1_20' title="bbox 449 2742 2104 2822; baseline 0.001 -18"><span class='ocrx_word' id='word_1_115' title='bbox 449 2746 646 2822; x_wconf 87' lang='lat' dir='ltr'>Inque</span> <span class='ocrx_word' id='word_1_116' title='bbox 678 2760 873 2804; x_wconf 87' lang='lat' dir='ltr'>meam</span> <span class='ocrx_word' id='word_1_117' title='bbox 903 2743 1127 2804; x_wconf 88' lang='lat' dir='ltr'>nitidos</span> <span class='ocrx_word' id='word_1_118' title='bbox 1160 2742 1471 2804; x_wconf 88' lang='lat' dir='ltr'>dominam</span> <span class='ocrx_word' id='word_1_119' title='bbox 1500 2742 1841 2804; x_wconf 80' lang='lat' dir='ltr'>convertite</span> <span class='ocrx_word' id='word_1_120' title='bbox 1873 2746 2104 2817; x_wconf 85' lang='lat' dir='ltr'>vultus;</span> 
     </span>
     <span class='ocr_line' id='line_1_21' title="bbox 538 2851 1934 2928; baseline -0.001 -14"><span class='ocrx_word' id='word_1_121' title='bbox 538 2852 746 2928; x_wconf 89' lang='lat' dir='ltr'>Sitque</span> <span class='ocrx_word' id='word_1_122' title='bbox 772 2869 1007 2913; x_wconf 91' lang='lat' dir='ltr'>memor</span> <span class='ocrx_word' id='word_1_123' title='bbox 1036 2852 1231 2912; x_wconf 87' lang='lat' dir='ltr'>nostri</span> <span class='ocrx_word' id='word_1_124' title='bbox 1257 2867 1475 2923; x_wconf 86' lang='lat' dir='ltr'>necne,</span> <span class='ocrx_word' id='word_1_125' title='bbox 1510 2851 1735 2912; x_wconf 84' lang='lat' dir='ltr'>referte</span> <span class='ocrx_word' id='word_1_126' title='bbox 1763 2852 1934 2912; x_wconf 89' lang='lat' dir='ltr'>mihi.</span> 
     </span>
     <span class='ocr_line' id='line_1_22' title="bbox 454 2956 2286 3036; baseline -0.001 -16"><span class='ocrx_word' id='word_1_127' title='bbox 454 2960 589 3020; x_wconf 89' lang='lat' dir='ltr'>Heu</span> <span class='ocrx_word' id='word_1_128' title='bbox 618 2957 787 3018; x_wconf 88' lang='lat' dir='ltr'>mihi!</span> <span class='ocrx_word' id='word_1_129' title='bbox 820 2975 933 3016; x_wconf 85' lang='lat' dir='ltr'>cur</span> <span class='ocrx_word' id='word_1_130' title='bbox 970 2956 1225 3018; x_wconf 90' lang='lat' dir='ltr'>nimium</span> <span class='ocrx_word' id='word_1_131' title='bbox 1252 2974 1392 3033; x_wconf 83' lang='lat' dir='ltr'>quae</span> <span class='ocrx_word' id='word_1_132' title='bbox 1423 2967 1567 3018; x_wconf 85' lang='lat' dir='ltr'>sunt</span> <span class='ocrx_word' id='word_1_133' title='bbox 1593 2958 1969 3030; x_wconf 83' lang='lat' dir='ltr'>manisfesta,</span> <span class='ocrx_word' id='word_1_134' title='bbox 2004 2958 2286 3036; x_wconf 79' lang='lat' dir='ltr'>requiro?</span> 
     </span>
     <span class='ocr_line' id='line_1_23' title="bbox 553 3060 1962 3136; baseline -0.001 -14"><span class='ocrx_word' id='word_1_135' title='bbox 553 3062 674 3122; x_wconf 88' lang='lat' dir='ltr'>Cur</span> <span class='ocrx_word' id='word_1_136' title='bbox 696 3062 863 3120; x_wconf 87' lang='lat' dir='ltr'>labat</span> <span class='ocrx_word' id='word_1_137' title='bbox 889 3060 1177 3135; x_wconf 80' lang='lat' dir='ltr'>ambiguo</span> <span class='ocrx_word' id='word_1_138' title='bbox 1204 3077 1347 3136; x_wconf 87' lang='lat' dir='ltr'>spes</span> <span class='ocrx_word' id='word_1_139' title='bbox 1377 3061 1523 3120; x_wconf 87' lang='lat' dir='ltr'>mihi</span> <span class='ocrx_word' id='word_1_140' title='bbox 1552 3062 1733 3122; x_wconf 87' lang='lat' dir='ltr'>mista</span> <span class='ocrx_word' id='word_1_141' title='bbox 1762 3063 1962 3124; x_wconf 81' lang='lat' dir='ltr'>metu?</span> 
     </span>
     <span class='ocr_line' id='line_1_24' title="bbox 472 3163 2104 3243; baseline -0.001 -15"><span class='ocrx_word' id='word_1_142' title='bbox 472 3168 665 3228; x_wconf 89' lang='lat' dir='ltr'>Crede</span> <span class='ocrx_word' id='word_1_143' title='bbox 694 3165 860 3243; x_wconf 90' lang='lat' dir='ltr'>quod</span> <span class='ocrx_word' id='word_1_144' title='bbox 890 3173 1004 3235; x_wconf 90' lang='lat' dir='ltr'>est,</span> <span class='ocrx_word' id='word_1_145' title='bbox 1041 3164 1207 3238; x_wconf 89' lang='lat' dir='ltr'>quod</span> <span class='ocrx_word' id='word_1_146' title='bbox 1235 3163 1348 3236; x_wconf 86' lang='lat' dir='ltr'>vis,</span> <span class='ocrx_word' id='word_1_147' title='bbox 1382 3180 1455 3223; x_wconf 89' lang='lat' dir='ltr'>ae</span> <span class='ocrx_word' id='word_1_148' title='bbox 1486 3163 1697 3223; x_wconf 88' lang='lat' dir='ltr'>desine</span> <span class='ocrx_word' id='word_1_149' title='bbox 1715 3174 1849 3224; x_wconf 78' lang='lat' dir='ltr'>tuta</span> <span class='ocrx_word' id='word_1_150' title='bbox 1877 3167 2104 3226; x_wconf 84' lang='lat' dir='ltr'>vereri:</span> 
     </span>
     <span class='ocr_line' id='line_1_25' title="bbox 558 3267 1766 3348; baseline -0.003 -16"><span class='ocrx_word' id='word_1_151' title='bbox 558 3273 767 3348; x_wconf 89' lang='lat' dir='ltr'>Deque</span> <span class='ocrx_word' id='word_1_152' title='bbox 796 3270 915 3329; x_wconf 88' lang='lat' dir='ltr'>fide</span> <span class='ocrx_word' id='word_1_153' title='bbox 946 3279 1114 3330; x_wconf 89' lang='lat' dir='ltr'>certa</span> <span class='ocrx_word' id='word_1_154' title='bbox 1142 3267 1221 3330; x_wconf 90' lang='lat' dir='ltr'>sit</span> <span class='ocrx_word' id='word_1_155' title='bbox 1252 3267 1359 3328; x_wconf 89' lang='lat' dir='ltr'>tibi</span> <span class='ocrx_word' id='word_1_156' title='bbox 1388 3269 1766 3330; x_wconf 74' lang='lat' dir='ltr'>certafides:</span> 
     </span>
     <span class='ocr_line' id='line_1_26' title="bbox 459 3373 2144 3452; baseline -0.001 -14"><span class='ocrx_word' id='word_1_157' title='bbox 459 3379 593 3448; x_wconf 85' lang='lat' dir='ltr'>Quo</span> <span class='ocrx_word' id='word_1_158' title='bbox 611 3377 775 3452; x_wconf 89' lang='lat' dir='ltr'>dque</span> <span class='ocrx_word' id='word_1_159' title='bbox 800 3376 945 3452; x_wconf 91' lang='lat' dir='ltr'>polo</span> <span class='ocrx_word' id='word_1_160' title='bbox 976 3374 1115 3434; x_wconf 76' lang='lat' dir='ltr'>fixae</span> <span class='ocrx_word' id='word_1_161' title='bbox 1145 3384 1460 3450; x_wconf 88' lang='lat' dir='ltr'>nequeunt</span> <span class='ocrx_word' id='word_1_162' title='bbox 1488 3373 1597 3434; x_wconf 85' lang='lat' dir='ltr'>tibi</span> <span class='ocrx_word' id='word_1_163' title='bbox 1619 3373 1826 3435; x_wconf 89' lang='lat' dir='ltr'>dicere</span> <span class='ocrx_word' id='word_1_164' title='bbox 1855 3374 2144 3450; x_wconf 64' lang='lat' dir='ltr'>flammae,</span> 
     </span>
     <span class='ocr_line' id='line_1_27' title="bbox 560 3481 1680 3544; baseline -0.002 0"><span class='ocrx_word' id='word_1_165' title='bbox 560 3485 695 3544; x_wconf 91' lang='lat' dir='ltr'>Non</span> <span class='ocrx_word' id='word_1_166' title='bbox 719 3482 1047 3543; x_wconf 85' lang='lat' dir='ltr'>mentitura</span> <span class='ocrx_word' id='word_1_167' title='bbox 1078 3493 1146 3543; x_wconf 87' lang='lat' dir='ltr'>tu</span> <span class='ocrx_word' id='word_1_168' title='bbox 1176 3481 1281 3543; x_wconf 89' lang='lat' dir='ltr'>tibi</span> <span class='ocrx_word' id='word_1_169' title='bbox 1310 3499 1465 3544; x_wconf 84' lang='lat' dir='ltr'>voce</span> <span class='ocrx_word' id='word_1_170' title='bbox 1493 3484 1680 3544; x_wconf 82' lang='lat' dir='ltr'>refer:</span> 
     </span>
     <span class='ocr_line' id='line_1_28' title="bbox 482 3587 2162 3666; baseline 0.001 -14"><span class='ocrx_word' id='word_1_171' title='bbox 482 3591 630 3653; x_wconf 91' lang='lat' dir='ltr'>Esse</span> <span class='ocrx_word' id='word_1_172' title='bbox 659 3589 748 3649; x_wconf 90' lang='lat' dir='ltr'>tui</span> <span class='ocrx_word' id='word_1_173' title='bbox 786 3603 1143 3660; x_wconf 87' lang='lat' dir='ltr'>memorem,</span> <span class='ocrx_word' id='word_1_174' title='bbox 1180 3588 1257 3648; x_wconf 90' lang='lat' dir='ltr'>de</span> <span class='ocrx_word' id='word_1_175' title='bbox 1286 3604 1405 3664; x_wconf 90' lang='lat' dir='ltr'>qua</span> <span class='ocrx_word' id='word_1_176' title='bbox 1436 3587 1545 3650; x_wconf 85' lang='lat' dir='ltr'>tibi</span> <span class='ocrx_word' id='word_1_177' title='bbox 1573 3589 1836 3650; x_wconf 80' lang='lat' dir='ltr'>maxima</span> <span class='ocrx_word' id='word_1_178' title='bbox 1865 3606 2015 3650; x_wconf 82' lang='lat' dir='ltr'>cura</span> <span class='ocrx_word' id='word_1_179' title='bbox 2044 3601 2162 3666; x_wconf 88' lang='lat' dir='ltr'>est;</span> 
     </span>
    </p>
   </div>
   <div class='ocr_carea' id='block_1_4' title="bbox 552 3699 2100 3780">
    <p class='ocr_par' dir='ltr' id='par_1_4' title="bbox 552 3699 2100 3780">
     <span class='ocr_line' id='line_1_29' title="bbox 552 3699 2100 3780; baseline 0.003 -20"><span class='ocrx_word' id='word_1_180' title='bbox 552 3699 858 3774; x_wconf 83' lang='lat' dir='ltr'>Quodque</span> <span class='ocrx_word' id='word_1_181' title='bbox 887 3707 1119 3780; x_wconf 85' lang='lat' dir='ltr'>potest,</span> <span class='ocrx_word' id='word_1_182' title='bbox 1154 3713 1365 3760; x_wconf 86' lang='lat' dir='ltr'>secum</span> <span class='ocrx_word' id='word_1_183' title='bbox 1396 3714 1621 3760; x_wconf 89' lang='lat' dir='ltr'>nomen</span> <span class='ocrx_word' id='word_1_184' title='bbox 1650 3699 1876 3761; x_wconf 87' lang='lat' dir='ltr'>habere</span> <span class='ocrx_word' id='word_1_185' title='bbox 1907 3710 2100 3764; x_wconf 85' lang='lat' dir='ltr'>tuum.</span> 
     </span>
    </p>
   </div>
  </div>
 </body>
</html>
