3334 5175
1310 356 1603 414 -105—

431 488 667 548 Arbiter
690 485 949 563 imperii,
992 504 1115 562 quo
1142 497 1381 548 certum
1410 498 1505 549 est
1528 488 1760 566 sospite
1781 500 2044 551 cunctos

515 592 795 654 Ausoniae
827 608 1037 651 curam
1068 592 1269 670 gentis
1301 594 1529 653 habere
1559 596 1740 667 De0s;

430 700 477 757 0
504 701 711 773 decuS,
746 716 783 759 o
812 700 1027 777 patriae
1057 716 1171 777 per
1190 710 1253 761 te
1282 700 1558 761 florentis
1580 700 1810 780 imago!

509 808 553 867 Ο
574 808 664 867 vir
690 824 815 867 non
849 807 1009 885 ipso,
1036 825 1218 885 quem
1248 809 1433 887 regis,
1478 810 1630 870 orbe
1659 808 1882 871 minor!
1979 892 1984 896 ἢ

426 915 520 975 Sic
550 918 785 979 habites
812 928 1033 991 terras,
1068 918 1155 979 sic
1186 929 1247 979 te
1276 919 1585 980 desideret
1610 921 1831 991 aether,

507 1022 603 1083 Sic
632 1024 709 1083 ad
744 1034 925 1101 pacta
954 1023 1065 1085 tibi
1095 1024 1296 1085 sidera
1323 1025 1541 1087 tardus
1570 1026 1699 1087 eas!

428 1130 612 1191 Parce
641 1147 885 1207 precor:
921 1131 1352 1210 minimamque
1380 1144 1489 1193 tuo
1518 1134 1596 1194 de
1623 1133 1876 1193 fulmine
1902 1144 2144 1211 partem

508 1237 717 1309 Deme3
742 1238 889 1298 satis
917 1255 1145 1315 poenae,
1178 1241 1343 1316 quod
1372 1240 1708 1318 superabit,
1743 1240 1878 1301 erit.

428 1344 520 1403 Ira
550 1344 799 1421 quidem
827 1348 1141 1407 moderata
1175 1358 1277 1407 tua
1306 1358 1423 1419 est,
1456 1348 1770 1423 vitamquo
1813 1346 2056 1407 dedisti:

508 1452 629 1512 Nec
662 1451 807 1510 mihi
829 1452 933 1527 jus
964 1451 1135 1523 civis,
1168 1468 1284 1512 nec
1316 1451 1459 1511 mihi
1491 1469 1717 1512 nomen
1747 1454 1947 1514 abest.

426 1557 549 1617 Nec
580 1573 716 1615 mea
744 1573 1041 1617 concessa
1071 1566 1165 1617 est
1193 1557 1325 1617 aliis
1354 1556 1623 1618 fortuna:
1657 1574 1773 1618 nec
1805 1559 1980 1619 exsul

515 1666 712 1727 Edicti
742 1666 943 1728 verbis
973 1668 1260 1728 nominor
1286 1667 1419 1745 ipse
1458 1668 1569 1729 tui.

435 1769 769 1848 Omniaque
797 1772 929 1832 haec
962 1772 1153 1845 timui,
1188 1768 1329 1850 quia
1358 1790 1455 1835 me
1485 1774 1786 1836 meruisse
1813 1775 2113 1838 videbam:

516 1878 637 1938 Sed
670 1887 771 1938 tua
801 1889 1060 1956 peccato
1089 1878 1287 1939 lenior
1316 1878 1405 1939 ira
1426 1896 1563 1940 meo
1592 1891 1708 1941 est.

428 1983 591 2043 Arva
622 1985 963 2063 relegatum
984 1986 1223 2062 jussisti
1253 1986 1449 2047 visere
1477 1986 1678 2061 Ponti;

422 2160 435 2170 ‚
518 2092 595 2151 Et
625 2092 973 2169 Scythicum
1002 2093 1265 2170 profuga
1292 2092 1574 2153 scindere
1601 2110 1810 2170 puppe
1837 2094 2088 2155 fretum.

429 2198 458 2257 J
470 2213 654 2257 ussus
685 2198 763 2257 ad
786 2197 1005 2258 Euxini
1036 2197 1331 2258 deformia
1360 2196 1568 2258 littora
1598 2196 1734 2258 veni

528 2302 837 2379 AEquoris3
871 2304 1005 2363 haec
1037 2302 1241 2381 gelido
1298 2312 1461 2364 terra
1490 2305 1606 2365 sub
1632 2320 1749 2364 axe
1771 2304 1960 2381 jacet.

428 2410 561 2470 Nec
596 2426 695 2469 me
724 2419 849 2469 tam
879 2408 1115 2470 cruciat
1138 2426 1453 2485 nunquam
1481 2409 1612 2470 sine
1639 2409 1868 2487 frigore
1893 2410 2145 2483 coelum‚

522 2518 834 2595 Glebaque
868 2518 1111 2579 canenti
1142 2536 1386 2598 semper
1415 2520 1633 2580 obusta
1671 2520 1834 2599 gelu,

427 2627 771 2705 Nesciaque
800 2639 894 2690 est
923 2627 1092 2690 vocis
1124 2630 1291 2706 quod
1320 2631 1579 2690 barbara
1600 2629 1807 2706 lingua
1828 2629 2078 2703 Latinae,

524 2733 824 2811 Graiaque
854 2737 1025 2812 quod
1048 2735 1257 2797 Getico
1286 2736 1443 2798 victa
1477 2733 1721 2812 loquela
1743 2754 1920 2808 son0‚

434 2843 629 2913 Quam
650 2844 820 2918 quod
839 2843 1099 2903 finitimo
1124 2843 1363 2904 cinctus
1392 2860 1645 2920 premor
1673 2843 1943 2919 undique
1971 2844 2184 2916 Marte,

524 2948 763 3024 Vixque
791 2948 997 3008 brevis
1025 2958 1226 3008 tutum
1256 2966 1473 3010 murus
1498 2950 1575 3009 ab
1607 2949 1787 3010 hoste
1813 2947 1978 3010 facit.

445 3056 573 3112 Pax
593 3063 797 3114 tamen
834 3054 1169 3124 interdum;
1202 3053 1377 3130 pacis
1396 3053 1617 3113 fiducia
1642 3071 1974 3130 numquam
1997 3064 2111 3115 est.

526 3157 623 3218 Sic
650 3174 817 3222 nunc
848 3157 949 3218 hic
984 3156 1236 3234 patitur,
1274 3173 1439 3216 nunc
1471 3156 1644 3216 timet
1671 3173 1864 3227 arma,
1896 3158 2093 3218 locus,

446 3265 600 3327 Hinc
632 3282 749 3344 ego
771 3267 917 3326 dum
942 3275 1166 3339 muter,
1204 3266 1299 3326 vel
1328 3281 1427 3325 me
1446 3264 1722 3324 Zanclaea
1755 3263 2086 3342 Charybdis

531 3377 815 3447 Devoret‚
848 3386 1034 3452 atque
1062 3374 1189 3435 suis
1212 3375 1289 3437 ad
1322 3375 1503 3453 Styga
1530 3373 1726 3435 mittat
1746 3373 1942 3450 aquis:

452 3484 559 3542 Vel
587 3483 819 3560 rapidae
846 3482 1109 3543 flammis
1138 3499 1285 3543 urar
1314 3483 1618 3561 patienter
1646 3483 1706 3542 in
1736 3485 1955 3544 AEtnae:

537 3589 645 3648 Vel
679 3588 834 3648 sreta
863 3587 1148 3648 Leucadii
1174 3587 1380 3648 mittar
1407 3587 1467 3646 in
1496 3588 1619 3647 alta
1640 3587 1760 3648 dei.

458 3696 630 3767 Quod
666 3695 895 3774 petitur
923 3710 1108 3772 poena
1132 3706 1248 3770 est,
1282 3711 1481 3772 neque
1502 3694 1663 3756 enim
1693 3695 1880 3757 miser
1907 3713 2044 3759 esse
2074 3714 2316 3769 recuso,
