3334 5175
1695 374 1984 431 —108—

1532 618 1900 675 ELEGIA
1934 618 2072 675 IV.

818 827 1044 889 Littore
1064 827 1142 887 ab
1172 826 1407 887 Euxino
1434 827 1690 887 Nasonis
1721 827 1976 903 epistola
2014 826 2180 895 veni,

900 934 1204 1010 Lassaque
1242 933 1400 994 facta
1428 931 1605 1005 mari,
1636 933 1920 1010 lassaque
1950 932 2110 991 facta
2138 930 2253 992 via.

820 1041 933 1112 Qui
964 1040 1109 1100 mihi
1138 1042 1290 1101 flens
1318 1040 1490 1102 dixit:
1519 1042 1632 1113 Tu,
1671 1039 1768 1101 cui
1808 1040 1972 1112 licet,
2012 1038 2264 1115 adspice
2294 1040 2571 1098 Romam.

901 1153 1029 1212 Heu
1058 1162 1285 1228 quanto
1316 1150 1530 1211 melior
1564 1168 1701 1211 sors
1732 1162 1836 1211 tua
1863 1160 2032 1210 sorte
2061 1165 2196 1209 mea
2225 1149 2339 1209 est!

820 1260 997 1319 Flens
1028 1276 1275 1335 quoque
1308 1276 1403 1319 me
1436 1258 1704 1335 scripsit:
1739 1276 1854 1319 nec
1881 1274 2002 1335 qua
2040 1256 2352 1334 signabar,
2393 1256 2471 1314 ad
2499 1270 2570 1314 os
2601 1263 2698 1313 est

902 1366 1077 1439 Ante,
1113 1367 1221 1427 scd
1248 1367 1325 1425 ad
1358 1365 1630 1425 madidas
1658 1382 1906 1442 gemma
1939 1365 2134 1425 relata
2163 1380 2379 1441 genas

821 1471 1105 1533 Tristitiae
1134 1487 1381 1533 causam
1411 1470 1462 1531 si
1498 1470 1634 1547 quis
1661 1487 2042 1548 cognoscere
2071 1469 2314 1545 quaerit,

905 1577 1152 1639 Ostendi
1182 1578 1373 1637 solem
1400 1576 1674 1654 postulat
1701 1576 1802 1636 ille
1849 1576 1985 1636 sibi:

826 1686 946 1745 Nec
970 1684 1249 1745 frondem
1279 1684 1339 1743 in
1370 1681 1557 1755 silvis,
1590 1700 1706 1743 nec
1739 1694 1958 1760 aperto
1989 1683 2194 1742 mollia
2224 1692 2403 1759 prato

906 1791 1207 1863 Gramina,
1242 1808 1357 1851 nec
1390 1792 1577 1869 pleno
1609 1790 1859 1851 flumine
1888 1790 2086 1851 cernit
2115 1806 2330 1866 aquas,

828 1897 979 1970 Quid
1011 1898 1282 1959 Priamus
1309 1898 1515 1959 doleat
1540 1896 1862 1959 mirabitur
1891 1897 2151 1957 Hectore
2179 1909 2382 1973 rapt0,
2468 1935 2474 1941 -

910 2003 1137 2076 Quidve
1161 2002 1524 2064 Philoctetes
1551 2002 1709 2063 ictus
1741 2002 1818 2062 ab
1847 2016 2050 2079 angue
2085 2012 2310 2078 gemat.

829 2110 900 2169 Di
930 2110 1199 2170 facerent
1230 2109 1463 2170 utinam
1495 2108 1630 2170 talis
1659 2117 1856 2168 status
1885 2118 2050 2169 esset
2079 2107 2141 2165 in
2174 2106 2303 2178 illo,

920 2220 997 2280 Ut
1031 2236 1155 2278 non
1193 2218 1455 2279 tristitiae
1484 2234 1668 2279 causa
1704 2217 1970 2278 dolenda
2002 2215 2185 2277 foret.

840 2326 980 2387 Fert
1004 2335 1232 2397 tamen,
1265 2334 1335 2385 ut
1358 2324 1563 2395 dehet,
1595 2340 1776 2384 casus
1805 2322 2109 2400 patienter
2137 2338 2402 2393 amaros3

916 2434 1084 2493 More
1116 2449 1231 2493 nec
1260 2432 1540 2493 indomiti
1567 2432 1760 2493 fraena
1787 2442 2035 2493 recusat
2061 2431 2227 2507 equi.

840 2540 959 2601 Nec
994 2538 1128 2599 fore
1152 2549 1514 2617 perpetuam
1544 2551 1754 2616 sperat
1783 2539 1897 2600 sibi
1926 2538 2193 2600 numinis
2221 2538 2398 2610 iram;

918 2644 1210 2705 Conscius
1238 2645 1299 2702 in
1328 2645 1509 2720 culpa
1539 2661 1663 2703 non
1691 2645 1894 2704 scelus
1923 2661 2062 2704 esse
2091 2661 2222 2704 sua.

837 2754 1011 2828 Saepc
1038 2750 1246 2819 refert,
1279 2748 1357 2812 sit
1386 2759 1613 2825 quanta
1640 2747 1740 2810 dei
1771 2748 2118 2810 clementia:
2165 2750 2265 2825 cuj
2277 2767 2348 2808 us

918 2859 995 2918 Se
1020 2872 1267 2933 quoque
1293 2855 1354 2914 in
1386 2855 1682 2932 exemplis
1717 2871 2123 2915 annumerare
2153 2855 2332 2916 solet.

842 2967 989 3026 Nam
1018 2965 1185 3041 quod
1217 2981 1367 3041 opes
1396 2973 1603 3024 teneat
1633 2963 1885 3041 patrias,
1919 2965 2087 3039 quod
2115 2961 2362 3024 nomina
2393 2964 2563 3034 civis,

923 3073 1195 3149 Denique
1224 3074 1390 3150 quod
1416 3071 1597 3146 vivat,
1628 3089 1854 3133 munus
1882 3073 2111 3133 habere
2139 3071 2266 3132 Dei.

844 3181 927 3239 Te
955 3190 1182 3253 tamen,
1208 3180 1267 3240 o!
1300 3179 1351 3240 si
1380 3178 1525 3256 quid
1552 3178 1756 3240 credis
1787 3178 1955 3251 mihi,
1989 3179 2191 3240 carior
2221 3177 2322 3238 illc

925 3284 1237 3357 Omnibus,
1269 3286 1330 3344 in
1364 3296 1491 3346 toto
1518 3295 1772 3362 pectore
1805 3301 2050 3360 semper
2077 3284 2280 3344 habet.

843 3392 1047 3465 Teque
1073 3388 1499 3460 Menoetiaden,
1533 3398 1595 3448 te
1620 3388 1725 3463 qui
1755 3387 2062 3448 comitavit
2091 3388 2368 3462 Oresten,

925 3496 1009 3554 Te
1037 3504 1215 3554 vocet
1244 3493 1521 3570 AEgiden‚
1556 3495 2006 3571 Euryalumque
2043 3512 2244 3556 suum.

847 3603 967 3664 Nec
994 3601 1253 3678 patriam
1280 3601 1474 3679 magis
1508 3601 1608 3662 ille
1636 3619 1812 3662 suam
1841 3602 2171 3676 desiderat,
2203 3614 2266 3664 et
2295 3621 2433 3680 quae

929 3707 1190 3769 Plurima
1219 3723 1357 3776 cum
1388 3707 1582 3783 patria
1610 3706 1797 3770 sentit
1825 3710 2040 3770 abesse
2069 3727 2201 3785 sua3
