3334 5175
1896 370 2139 433 -33-

992 502 1162 567 Nunc
1189 503 1295 565 tibi
1321 502 1630 564 Pannonia
1663 509 1782 574 est,
1810 518 1975 563 nunc
2004 502 2199 581 Illyris
2228 516 2337 564 ora
2364 504 2696 567 domanda:

1073 612 1341 674 Rhaetica
1368 627 1532 672 nunc
1559 610 1843 689 praebent
1866 611 2247 689 Thraciaque
2274 626 2443 673 arma
2474 623 2731 674 metum.

985 722 1156 783 Nunc
1184 720 1338 800 petit
1362 719 1689 782 Armenius
1723 735 1964 798 pacem:
1999 736 2167 781 nunc
2199 720 2461 799 porrigit
2486 738 2669 783 arcus

1066 828 1325 888 Parthus
1353 843 1566 904 eques,
1604 825 1811 888 timida
1840 836 2145 904 captaque
2170 826 2343 905 signa
2375 842 2578 888 manu.

991 936 1162 997 Nunc
1195 946 1257 997 te
1291 932 1466 1013 prole
1495 944 1598 996 tua
1619 934 1912 1012 juvenem
1946 932 2265 995 Germania
2298 934 2505 1006 sentit,

1072 1039 1358 1117 Bellaque
1378 1057 1496 1119 pro
1533 1055 1759 1118 magno
1792 1039 2029 1099 Caesare
2057 1039 2263 1099 Coesar
2298 1038 2449 1101 obit.

987 1146 1280 1226 Denique,
1316 1159 1386 1211 ut
1407 1147 1469 1207 in
1499 1158 1691 1220 tant0,
1725 1155 2019 1224 quantum
2048 1163 2173 1208 non
2203 1145 2435 1208 exstitit
2462 1163 2758 1225 unquam,

1075 1257 1367 1335 Corpore,
1400 1272 1546 1334 pars
1579 1256 1748 1317 nulla
1776 1265 1873 1317 est
1904 1272 2047 1333 quae
2074 1256 2239 1316 labet
2274 1253 2533 1333 imp-erik

992 1360 1148 1423 Urbs
1175 1376 1420 1439 quoque
1453 1370 1536 1433 te,
1570 1371 1636 1421 et
1663 1360 1871 1439 legum
1900 1361 2087 1421 lassat
2118 1360 2309 1421 tutela
2341 1370 2615 1433 tuarum,

1075 1470 1150 1531 Et
1175 1482 1440 1543 morum,
1479 1466 1707 1529 similes
1736 1484 1895 1546 quos
1922 1466 2101 1547 cupis
2128 1482 2265 1529 esse
2294 1467 2439 1529 tuis.

993 1576 1115 1637 Nec
1142 1571 1252 1635 tibi
1280 1573 1666 1653 contingunt,
1700 1590 1841 1651 quae
1869 1573 2157 1653 gentibus
2182 1572 2305 1636 otia
2333 1586 2618 1652 praestas,

1074 1680 1362 1759 Bellaque
1389 1696 1532 1743 cum
1559 1680 1767 1741 multis
1794 1679 2125 1758 irrequieta
2153 1679 2339 1758 geriS.

997 1784 1180 1848 Mirer
1205 1786 1268 1846 in
1295 1787 1416 1847 hoc
1444 1785 1631 1865 igitur
1661 1796 1965 1849 tantarum
1995 1786 2269 1864 pondere
2298 1801 2511 1847 rerum·

1080 1894 1376 1972 Umquam
1403 1902 1466 1955 te
1493 1903 1743 1955 nostros
1770 1892 2073 1955 evoluisse
2092 1894 2295 1971 iocos.

994 2004 1072 2066 At
1097 2002 1172 2077 si,
1203 2004 1371 2081 quod
1400 2002 1665 2075 mallem,
1698 2019 1928 2064 vacuus
1955 2003 2215 2063 fortasse
2243 2002 2486 2074 fuisses,

1080 2110 1322 2171 Nullum
1352 2106 1606 2188 legisses
1635 2108 1868 2170 crimen
1897 2109 1960 2169 in
1988 2108 2133 2170 Arte
2161 2126 2320 2170 mea.

998 2216 1108 2276 Illa
1136 2214 1384 2293 quidem
1411 2214 1608 2277 fateor
1634 2214 1855 2277 frontis
1882 2232 2007 2276 non
2038 2232 2175 2278 esse
2202 2232 2434 2277 severae

1089 2320 1348 2399 Scripta,
1381 2337 1495 2382 nec
1523 2336 1560 2381 a
1589 2330 1759 2382 tanto
1788 2318 2065 2399 principe
2094 2320 2277 2400 digna
2305 2321 2448 2400 legi:

1000 2427 1133 2486 Non
1161 2435 1364 2487 tamen
1393 2424 1624 2487 idcirco
1652 2426 1859 2504 legum
1884 2424 2191 2487 contraria
2210 2426 2405 2504 jussis

1085 2534 1239 2595 Sunt
1268 2550 1361 2608 ea,
1395 2535 1701 2596 Romanas
1730 2534 2143 2614 erudiuntque
2170 2552 2387 2598 nurus.

996 2639 1157 2699 Neve
1187 2638 1409 2716 quibus
1438 2637 1701 2700 scribam
1726 2638 1928 2717 possis
1955 2639 2257 2714 dubitare,
2290 2642 2533 2706 libellus

1085 2748 1356 2819 Quatuor
1381 2748 1498 2809 hos
1524 2763 1742 2809 versus
1770 2765 1805 2809 e
1834 2747 2031 2810 tribus
2058 2766 2219 2812 unus
2246 2752 2457 2814 habet:

1006 2877 1028 2910 ι
1059 2855 1201 2916 Este
1229 2851 1471 2931 procul,
1503 2851 1668 2914 vittae
1693 2863 1929 2927 tenues,
1963 2853 2203 2934 insigne
2226 2857 2507 2934 pudoris,

1079 2962 1350 3039 Quaeque
1377 2960 1535 3040 tegis
1563 2961 1801 3024 medios
1828 2961 2037 3025 instita
2067 2964 2250 3043 longa
2278 2966 2494 3043 pedes:

996 3072 1111 3145 Nil,
1144 3070 1257 3132 nisi
1288 3071 1646 3150 legitimum,
1690 3089 2111 3151 concessaque
2137 3073 2320 3146 furta,
2352 3091 2667 3148 canemuS,

1079 3180 1269 3256 lnque
1299 3195 1438 3240 meo
1467 3179 1705 3240 nullum
1733 3179 2005 3240 carmine
2032 3180 2267 3240 crimen
2294 3180 2434 3242 erit.
2464 3205 2487 3236 ι

999 3287 1230 3364 Ecquid
1258 3287 1336 3347 ab
1364 3288 1480 3347 hac
1511 3301 1727 3346 omnes
1758 3287 1953 3364 rigide
1984 3286 2423 3349 summovimus
2442 3290 2586 3350 Arte

1078 3397 1240 3469 Quas
1271 3396 1427 3456 stola
1458 3393 1733 3473 contingi
1764 3394 2033 3473 vittaque
2066 3408 2309 3475 sumpta
2337 3400 2542 3459 vetat?

1001 3503 1076 3564 At
1102 3513 1381 3564 matrona
1401 3499 1616 3579 ‘potest
1643 3502 1859 3564 alienis
1886 3503 2121 3565 artibus
2150 3505 2261 3577 uti3

1085 3608 1380 3685 Quodque
1413 3608 1634 3680 trahat,
1662 3609 1939 3684 quamvis
1968 3627 2094 3671 non
2125 3611 2445 3684 doceatur,
2477 3612 2685 3674 habet.

999 3714 1090 3775 Nil
1123 3713 1306 3792 igitur
1336 3721 1612 3772 matrona
1641 3713 1828 3790 legat:
1864 3713 2003 3789 quia
2033 3715 2302 3776 carmine
2330 3717 2406 3776 ab
2438 3716 2608 3778 omni
