3334 5175
1316 418 1479 479 ..85
1500 450 1564 461 .-

478 554 707 616 Avertis
736 553 957 623 vultuS,
994 560 1055 612 et
1086 551 1251 613 subit
1281 568 1391 612 ora
1428 552 1651 613 rubor!

396 660 489 721 Me
518 661 826 733 miserum,
865 658 915 719 si
947 669 1129 736 tuape
1159 668 1342 737 putas
1373 657 1517 717 mihi
1550 666 1741 735 nupta
1775 646 1992 720 videri!

478 771 571 830 Me
609 770 919 842 miserum,
954 768 1004 829 si
1034 778 1093 829 te
1114 769 1242 844 jam
1272 768 1465 846 pudet
1496 784 1635 828 esse
1671 768 1895 829 meam!

395 875 658 953 Tempus
688 874 792 935 ubi
824 884 919 935 est
951 873 1123 947 illud,
1158 890 1283 951 quo
1313 890 1411 935 me
1439 874 1680 951 ,iactare
1710 876 1959 936 solebas

474 984 768 1061 conjuge,
807 1000 922 1044 nec
949 999 1175 1043 nomen
1204 982 1589 1043 dissimulare
1630 982 1773 1042 viri?

393 1091 659 1168 Tempus
686 1090 792 1151 ubi
818 1100 935 1161 est,
966 1106 1091 1166 quo
1122 1099 1203 1162 te,
1237 1087 1431 1149 nisisi
1471 1086 1630 1167 fugis
1666 1086 1768 1148 illa
1797 1090 2054 1163 referre,

481 1197 555 1257 Et
578 1196 699 1257 dici
728 1194 998 1268 memini,
1028 1194 1189 1272 juvit
1233 1205 1295 1256 et
1325 1212 1462 1257 csse
1491 1196 1722 1257 meam?

393 1303 592 1380 thue
618 1304 834 1381 probae
856 1303 1109 1381 dignum
1140 1313 1257 1376 est,
1291 1303 1458 1363 omni
1492 1302 1603 1363 tibi
1633 1304 1780 1364 dote
1813 1304 2170 1380 placebam:

482 1410 762 1472 Addebat
790 1410 949 1471 veris
982 1410 1174 1470 multa
1202 1410 1459 1469 faventis
1488 1424 1690 1469 amor.

392 1517 517 1577 Nec
548 1532 732 1593 quem
761 1514 1112 1592 praeferres,
1145 1513 1227 1575 ita
1256 1530 1356 1574 res
1388 1513 1493 1574 tibi
1526 1530 1745 1591 magna
1779 1514 2051 1588 videbar,

482 1624 749 1694 Quemve
782 1629 957 1681 tuum
991 1620 1203 1681 malles
1232 1636 1391 1692 esse,
1422 1620 1514 1679 vir
1543 1621 1702 1681 alter
1737 1632 1892 1682 erat.

400 1733 577 1792 Nunc
606 1748 880 1808 quoque,
906 1746 983 1791 ne
1010 1730 1239 1807 pudeat
1265 1730 1432 1807 quod
1466 1729 1550 1790 sis
1579 1729 1727 1789 mihi
1763 1742 1976 1809 nupta:
2011 1743 2283 1810 tuusque

488 1838 622 1898 Non
652 1837 830 1899 dolor
863 1836 1003 1897 hinc
1028 1836 1233 1908 debet,
1268 1836 1452 1897 debet
1484 1837 1704 1897 abesse
1731 1838 1956 1915 pudor.

394 1945 599 2016 Quum
628 1943 849 2005 cecidit
875 1944 1192 2021 Capaneus
1216 1942 1423 2004 subito
1452 1942 1820 2004 temerarius
1849 1944 1978 2005 ictu
1994 1992 2010 2018 ‚

486 2052 645 2112 Num
673 2050 827 2129 legis
856 2051 1144 2111 Evadnen
1176 2048 1503 2110 erubuisse
1532 2048 1700 2109 viro?

400 2159 553 2231 Nee,
594 2157 735 2235 quia
768 2174 881 2217 rex
912 2155 1126 2217 mundi
1160 2153 1546 2232 compescuit
1570 2154 1814 2231 ignibus
1845 2155 2045 2233 igneS,

492 2266 629 2342 lpse
658 2263 801 2335 tuis,
837 2262 1131 2332 phaeton,
1161 2258 1527 2319 inficiandus
1565 2275 1728 2319 eras,

389 2373 527 2433 Nec
575 2369 816 2431 Semele
845 2368 1072 2429 Cadmo
1102 2365 1263 2427 facta
1303 2375 1398 2426 est
1426 2364 1621 2427 aliena
1654 2367 1920 2445 parenti,

482 2482 665 2552 Quod
694 2478 984 2558 precibus
1012 2475 1195 2557 periit
1222 2475 1542 2537 ambitiosa
1568 2476 1717 2538 suis.

398 2591 536 2651 Nec
568 2586 695 2661 tibi,
734 2586 903 2664 quod
928 2583 1107 2647 saevis
1142 2599 1260 2662 ego
1292 2595 1427 2644 sum
1464 2582 1631 2644 Iovis
1666 2583 1912 2663 ignibus
1937 2585 2118 2659 ictus,

494 2699 845 2774 Purpureus
875 2695 1045 2755 molli
1070 2695 1174 2757 fiat
1196 2696 1257 2755 in
1290 2711 1399 2757 ore
1427 2695 1636 2754 rubor:

412 2804 539 2865 Sed
566 2802 759 2880 magis
785 2802 848 2862 in
887 2802 1085 2864 nostri
1114 2817 1329 2863 curam
1360 2817 1673 2878 consurge
1711 2801 1950 2872 tuendi,

498 2911 987 2987 Exemplumque
1014 2909 1161 2970 mihi
1195 2908 1474 2986 conjugis
1504 2919 1639 2969 esto
1667 2909 1875 2969 bonae:

414 3015 855 3090 Materiemque
888 3014 1007 3074 iuis
1038 3013 1274 3075 tristem
1307 3012 1635 3074 virtutibus
1671 3013 1880 3089 imple:

503 3122 707 3182 Ardua
737 3136 849 3197 per
876 3135 1159 3198 praeceps
1185 3118 1383 3196 gloria
1414 3118 1591 3178 vadat
1620 3119 1760 3178 iter.

411 3233 677 3292 Hectora
712 3227 851 3305 quis
880 3237 1113 3301 nosset,
1148 3226 1200 3288 si
1237 3225 1384 3286 felix
1417 3225 1599 3301 TrOJa
1624 3223 1868 3285 fuisset?

508 3338 755 3401 Publica
786 3339 993 3400 virtuti
1023 3355 1135 3416 per
1182 3338 1340 3398 mala
1376 3337 1537 3398 facta
1575 3335 1671 3396 via
1701 3345 1816 3396 est.

412 3451 533 3512 Ars
564 3459 688 3521 tua,
720 3446 936 3526 Tiphy,
965 3447 1157 3524 Jacet,
1188 3447 1239 3508 si
1269 3465 1395 3507 non
1424 3445 1593 3506 sitin
1623 3458 1875 3522 aequore
1909 3441 2161 3507 fluctus:

516 3554 578 3614 Si
616 3555 864 3614 valeant
895 3552 1197 3624 homineS,
1228 3567 1331 3612 ars
1357 3561 1484 3621 tua,
1525 3550 1760 3612 Phoebe
1782 3552 1972 3627 jacet.

420 3664 575 3734 Quae
616 3661 791 3734 latet,
827 3660 1015 3736 inque
1048 3659 1229 3721 bonis
1257 3669 1459 3720 cessat
1488 3675 1615 3718 non
1644 3657 1890 3737 cognita
1920 3661 2128 3732 rebuS,

512 3768 779 3847 Adparet
812 3767 1028 3843 virtus;
1064 3765 1465 3844 arguiturque
1496 3764 1691 3826 malis.
2090 3854 2120 3920 1
2147 3854 2173 3918 1
