3334 5175
1341 360 1581 419 —75-

427 487 682 564 Ecquid,
716 498 784 549 ut
809 487 1176 549 incolumem
1219 489 1530 563 quondam
1557 489 1871 550 celebrare
1900 490 2172 562 solebas,

510 594 678 656 Nunc
707 611 974 672 quoque,
1008 610 1086 654 ne
1114 594 1320 654 videar
1346 602 1512 655 totus
1541 595 1780 668 abesse,
1810 596 2017 657 caves?

433 700 702 778 suscipis
729 700 1002 778 exceptis
1031 700 1253 778 ecquid
1281 716 1416 761 mea
1445 700 1719 761 carmina
1746 701 1895 762 solis

513 806 780 881 Artibus,
813 808 1028 869 artifici
1055 824 1194 886 quae
1222 824 1493 869 nocuere
1537 809 1682 870 suo?

435 912 625 973 Immo
652 914 734 975 ita
761 914 856 975 fac
886 926 1111 988 vatum,
1154 931 1389 992 quaese,
1423 913 1697 975 studiose
1727 931 2051 986 novorum,

517 1020 764 1097 Quaque
789 1032 967 1098 potes
994 1022 1190 1083 retine
1217 1039 1441 1083 nomen
1469 1022 1530 1081 in
1563 1023 1715 1083 urbe
1743 1038 1968 1083 meum.

436 1126 540 1187 Est
565 1127 706 1206 fuga
733 1128 894 1190 dicta
920 1129 1088 1202 mihi,
1111 1148 1237 1191 non
1265 1128 1360 1192 est
1387 1131 1530 1208 fuga
1559 1130 1723 1192 dicta
1748 1130 1993 1202 libellis,

521 1234 632 1306 Qui
657 1235 884 1295 domini
909 1254 1158 1313 poenam
1185 1255 1308 1297 non
1337 1254 1618 1299 meruere
1647 1238 1795 1315 pati.

441 1341 613 1417 Saepe
640 1357 752 1416 per
779 1352 1062 1401 externas
1087 1342 1386 1419 profugus
1413 1352 1588 1419 pater
1615 1343 1857 1404 exsulat
1884 1360 2048 1413 oras;

526 1447 686 1507 Urbe
715 1456 918 1507 tamen
947 1447 1104 1513 natis
1137 1447 1368 1507 exsulis
1395 1464 1534 1508 esse
1563 1448 1731 1507 licet.

459 1553 723 1614 Palladis
751 1555 1058 1632 exemplo,
1091 1555 1170 1615 de
1195 1571 1294 1615 me
1322 1554 1454 1615 sine
1481 1565 1677 1616 matre
1705 1566 1910 1616 creata

527 1659 800 1721 Carmina
825 1669 988 1721 suut.
1022 1660 1216 1738 Stirps
1244 1662 1377 1723 haec
1407 1661 1861 1738 progeniesque
1888 1676 2023 1719 mea
2054 1672 2171 1721 est.

445 1764 608 1825 Hanc
635 1766 742 1826 tibi
769 1766 1155 1826 commendo:
1188 1780 1328 1842 quae
1355 1782 1479 1842 quo
1508 1765 1701 1843 magis
1730 1765 1881 1825 orba
1908 1775 2189 1843 parente,

535 1872 660 1931 Hoc
689 1872 796 1933 tibi
825 1872 1014 1933 tutori
1043 1873 1282 1934 sarcina
1309 1875 1509 1950 major
1536 1872 1672 1933 erit.

463 1977 610 2037 Tres
637 1977 780 2037 mibi
810 1988 952 2039 sunt
979 1978 1104 2039 nati
1132 1978 1414 2057 contagia
1447 1988 1659 2039 nostra
1688 1978 1907 2039 secuti:

540 2082 767 2143 Caetera
794 2082 887 2143 fac
919 2098 1088 2143 curae
1115 2083 1194 2143 sit
1223 2082 1332 2144 tibi
1363 2086 1542 2145 turba
1567 2084 1789 2161 palam.

451 2192 605 2252 Sunt
631 2206 879 2268 quoque
905 2201 1155 2252 mutatae
1183 2201 1280 2251 ter
1307 2191 1578 2268 quinque
1604 2190 1917 2250 volumina
1943 2191 2181 2263 formae3

536 2298 810 2359 Carmina
836 2299 913 2360 de
943 2298 1172 2359 domini
1201 2298 1416 2359 funere
1443 2308 1620 2377 rapta
1643 2296 1762 2359 sui.

453 2408 608 2469 lllud
635 2424 790 2485 opus
818 2406 1043 2484 potuit,
1077 2407 1128 2467 si
1157 2424 1284 2468 non
1311 2406 1487 2485 prius
1517 2407 1652 2484 ipse
1680 2407 2005 2484 perissem,

537 2515 768 2576 Certius
795 2531 830 2574 a
859 2531 1098 2575 summa
1125 2531 1352 2576 nomen
1383 2515 1612 2575 habere
1641 2531 1849 2577 manu.

453 2627 624 2687 Nunc
647 2625 1061 2688 incorrectum
1089 2625 1302 2704 populi
1329 2625 1610 2703 pervenit
1640 2626 1705 2685 in
1738 2643 1872 2687 ora:

537 2736 602 2794 ln
629 2735 842 2812 populi
871 2735 1202 2812 quidquam
1231 2734 1282 2795 si
1310 2745 1516 2796 tamen
1537 2752 1647 2796 ore
1677 2751 1883 2796 meum
1916 2747 2032 2796 est.

454 2843 580 2902 Hoc
606 2860 873 2920 quoque,
906 2841 1116 2903 nescio
1145 2842 1312 2918 quid,
1347 2843 1574 2903 nostris
1604 2844 1847 2920 adpone
1875 2841 2123 2914 libellis,

541 2952 788 3014 Diverso
818 2952 1071 3014 missum
1101 2952 1268 3029 quod
1295 2950 1404 3014 tibi
1432 2953 1509 3012 ab
1541 2953 1693 3012 orbe
1714 2952 1899 3014 venit.

465 3059 636 3128 Quod
658 3059 1026 3135 quicumque
1053 3058 1236 3136 leget,
1269 3057 1322 3118 si
1350 3057 1486 3132 quis
1514 3059 1699 3134 leget,
1738 3057 2002 3118 aestimet
2032 3069 2205 3130 ante,

543 3164 956 3243 Compositum
984 3179 1108 3240 quo
1139 3160 1217 3221 sit
1246 3170 1546 3237 tempore,
1581 3176 1831 3237 quoque
1856 3162 2022 3221 loco.

459 3271 691 3347 AEquus
719 3270 834 3331 erit
861 3267 1126 3346 scriptis,
1160 3281 1422 3344 quorum
1452 3265 1813 3343 cognoverit
1843 3283 2014 3326 esse.

542 3377 834 3438 Exsilium
865 3388 1128 3454 tempuS‚
1161 3374 1631 3452 barbariemque
1659 3374 1893 3435 locum:

464 3483 654 3560 Inque
679 3493 773 3542 tot
797 3479 1066 3543 adversis
1098 3494 1346 3538 carmen
1375 3478 1699 3539 mirabitur
1726 3480 1919 3540 ullum

544 3590 782 3648 Ducere
811 3602 908 3645 me
936 3582 1097 3644 tristi
1127 3580 1496 3642 sustinuisse
1527 3597 1740 3643 mauu.

469 3690 791 3769 Ingenium
817 3689 1060 3766 fregere
1087 3702 1295 3752 meum
1322 3687 1504 3752 mala:
1537 3689 1717 3768 cujus
1747 3699 1810 3751 et
1842 3700 1986 3766 aute
