3334 5175
1814 384 2057 444 -40-

911 520 1052 590 Quis
1080 522 1254 580 locus
1283 529 1376 579 est
1405 516 1648 595 templis
1678 517 2025 596 augustior?
2050 518 2183 577 haec
2212 532 2463 594 quoque
2494 516 2641 580 vitet

999 630 1064 687 ln
1095 628 1337 705 culpam
1369 626 1418 687 si
1448 642 1568 705 qua
1597 643 1665 687 es
1692 624 2010 703 ingeniosa
2040 640 2233 686 suam.

917 734 1064 794 Cum
1095 732 1332 794 steterit
1359 732 1521 794 Jovis
1549 733 1706 804 aede,
1739 730 1903 792 lovis
1928 740 2253 793 succurret
2278 730 2341 791 in
2372 733 2509 793 aede

1001 841 1191 913 Quam
1222 840 1443 902 multas
1471 848 1699 900 matres
1726 838 1941 900 fecerit
1969 838 2071 899 ille
2100 839 2276 899 deus.

917 948 1200 1010 Proxima
1227 947 1505 1009 adoranti
1537 946 1798 1009 Iunonia
1828 948 2056 1025 templa
2086 946 2337 1021 subibit,

999 1052 1322 1114 pellicibus
1349 1053 1556 1115 multis
1585 1052 1921 1137 incoluisse
1944 1054 2151 1114 deam.

919 1158 1160 1219 Pallade
1187 1170 1544 1237 conspecta,
1577 1169 1789 1221 natum
1818 1160 1897 1221 de
1924 1158 2180 1221 crimine
2206 1159 2383 1238 virg-o

1001 1266 1327 1328 Sustulerit
1355 1282 1546 1345 quare
1574 1277 1811 1344 quaeret
1838 1266 2322 1329 Erichthonium.

921 1374 1166 1436 Venerit
1193 1374 1254 1436 in
1283 1374 1488 1455 magni
1514 1376 1835 1453 templum,
1868 1384 1975 1436 tua
2003 1392 2280 1448 munera,
2314 1377 2545 1450 Martis3

1003 1484 1134 1545 Stat
1169 1486 1372 1547 Venus
1399 1484 1586 1546 ultori
1605 1486 1825 1562 juncta
1851 1484 1983 1547 viro
2010 1494 2153 1547 ante
2178 1484 2366 1547 fores.

929 1588 1102 1649 Isidis
1131 1591 1264 1651 aede
1293 1592 1536 1663 sedens,
1571 1606 1685 1653 cur
1710 1592 1868 1653 hanc
1896 1581 2197 1667 Saturnia,
2230 1604 2486 1669 quaeret,

1009 1694 1214 1773 Egerit
1237 1696 1407 1756 Ionio
1434 1696 1901 1775 Bosphorioque
1929 1696 2103 1758 mari.

931 1802 997 1861 ln
1026 1802 1259 1863 Venere
1286 1801 1610 1875 Anchises„
1642 1801 1704 1862 in
1734 1803 1901 1863 Luna
1928 1802 2195 1865 Latmius
2222 1804 2432 1879 heroS,

1017 1907 1084 1966 ln
1113 1906 1333 1969 Cerere
1362 1906 1574 1980 lasiuS,
1607 1908 1712 1986 qui
1742 1908 2068 1982 referatur,
2101 1909 2237 1971 erit.

940 2014 1148 2076 Omnia
1175 2032 1494 2094 perversas
1520 2028 1785 2095 possunt
1812 2034 2215 2096 corrumpere
2242 2028 2505 2093 mentes;

1027 2124 1199 2185 Stant
1226 2134 1430 2185 tamen
1466 2124 1567 2185 illa
1595 2124 1724 2187 snis
1752 2123 1956 2186 omnia
1986 2134 2115 2186 tuta
2142 2126 2316 2189 locis.

944 2229 1020 2290 At
1046 2231 1264 2307 procul
1292 2247 1327 2290 a
1357 2230 1583 2308 scripta
1611 2230 1759 2291 solis
1788 2230 2212 2292 meretricibus
2239 2232 2383 2293 Arte

1022 2337 1374 2398 Summovet
1402 2337 1697 2416 ingenuas
1722 2337 1942 2417 pagina
1969 2337 2167 2416 prima
2190 2353 2405 2401 nurus,

932 2444 1343 2523 Quaecumque
1370 2445 1655 2525 irrumpit
1682 2461 1807 2525 quo
1834 2464 1960 2509 non
1990 2447 2131 2510 sinit
2156 2446 2247 2509 ire
2272 2449 2585 2520 sacerdos,

1016 2552 1299 2615 Protinus
1328 2554 1462 2618 haec
1489 2553 1656 2616 vetiti
1685 2553 1956 2618 criminis
1983 2565 2117 2617 acta
2146 2572 2252 2617 rea
2280 2564 2394 2618 est.

934 2659 1056 2730 Nec
1080 2669 1284 2720 tamen
1311 2671 1404 2722 est
1431 2660 1669 2722 facinus
1696 2677 1914 2723 versus
1940 2663 2221 2723 evolvere
2249 2663 2499 2726 molles:-

1015 2767 1202 2827 Multa
1230 2767 1374 2828 licet
1399 2779 1586 2830 castae
1613 2785 1738 2830 non
1767 2769 2045 2832 facienda
2072 2771 2297 2850 legant.

937 2874 1114 2952 Saepe
1143 2875 1450 2954 supercilii
1477 2877 1673 2938 nudas
1702 2887 1981 2938 matrona
2011 2878 2229 2950 severi,

1018 2981 1091 3040 Et
1115 2981 1365 3042 Veneris
1394 2991 1625 3043 stantes
1653 2984 1734 3043 ad
1762 2999 1957 3060 genus
1988 2999 2170 3044 omne
2198 2981 2382 3044 videt.

939 3085 1210 3163 Corpora
1236 3088 1505 3148 Vestales
1532 3087 1693 3150 oculi
1722 3089 2065 3150 meretricia
2092 3099 2375 3152 cernunt:

1020 3192 1140 3252 Nec
1171 3192 1422 3254 domino
1451 3209 1656 3272 poenae
1684 3209 1786 3256 res
1814 3211 1887 3259 ea
1914 3211 2101 3256 causa
2128 3195 2260 3256 fuit.

933 3297 1010 3362 At
1038 3314 1151 3359 cur
1180 3299 1242 3358 in
1273 3311 1486 3360 nostra
1516 3301 1700 3360 nimia
1730 3311 1823 3360 est
1850 3301 2096 3363 lascivia
2124 3303 2324 3365 Musa?

1021 3403 1215 3464 Curvo
1246 3420 1420 3464 meus
1450 3402 1735 3480 cuiquam
1766 3405 1980 3466 suadet
2009 3421 2213 3467 amare
2241 3406 2423 3468 liber?

937 3507 1026 3571 Nil
1057 3509 1172 3569 nisi
1202 3521 1528 3588 peccatum
1559 3513 2003 3592 manifestaque
2029 3517 2211 3596 culpa
2236 3513 2479 3582 fatenda
2508 3530 2623 3581 est.

1031 3615 1293 3680 Poenitet
1315 3617 1544 3697 ingenii
1566 3622 1905 3700 judiciique
1933 3625 2071 3685 mei.

945 3725 1063 3792 Cur
1092 3743 1214 3792 non
1243 3727 1535 3810 Argolicis
1565 3732 1773 3816 potius
1803 3749 1942 3811 quae
1972 3734 2241 3799 concidit
2270 3737 2476 3810 armiS,
