3334 5175
1267 364 1508 428 *29-

369 493 488 561 Aut
511 502 838 576 postquam
861 493 1158 557 bimarem
1183 510 1372 557 cursu
1392 494 1822 572 superavimus
1848 491 2144 568 lstlmon,

454 604 780 679 Alteraque
801 611 898 661 est
923 610 1154 661 nostra
1179 610 1424 679 sumpna
1453 600 1660 661 carina
1682 600 1872 679 fugae.

367 710 548 781 Quod
571 710 835 770 facerem
859 723 1074 768 versus
1103 706 1264 767 inter
1292 704 1425 767 fera
1453 722 1773 769 murmura
1794 709 1993 785 ponti,

456 814 746 893 Cycladas
767 812 1008 890 AEgaeas
1033 812 1430 891 obstupuisse
1451 822 1628 890 puto.

373 922 511 999 lpse
535 938 652 998 ego
680 937 844 979 nunc
874 919 1086 992 miror,
1119 919 1303 980 tantis
1338 917 1646 997 animique
1674 919 1981 996 marisque

460 1028 768 1089 Fluctibus
801 1027 1113 1105 ingenium
1135 1044 1264 1089 uon
1292 1027 1588 1089 cecidisse
1617 1045 1849 1100 meum,

371 1134 496 1195 Seu
523 1143 740 1211 stupor
767 1132 909 1194 huic
935 1133 1162 1206 studio,
1197 1133 1326 1193 sive
1359 1134 1501 1193 huic
1530 1134 1765 1195 insania
1789 1150 2043 1205 nomon,

459 1239 658 1301 omnis
681 1240 762 1300 ab
787 1240 904 1299 hac
929 1256 1082 1300 cura
1107 1254 1281 1299 mens
1305 1241 1572 1301 relevata
1600 1256 1737 1301 mea
1759 1251 1875 1301 est.

374 1346 552 1424 Saepe
580 1362 697 1422 ego
723 1344 1018 1405 nimbosis
1043 1345 1264 1407 dubius
1283 1345 1564 1421 jactabar
1583 1346 1662 1409 ab
1688 1345 1913 1415 {inedia

461 1461 639 1537 Saepe
664 1460 868 1521 minax
891 1462 1179 1539 Steropes
1205 1460 1408 1521 sidere
1437 1472 1666 1539 pontus
1696 1471 1849 1522 erat:

379 1564 800 1641 Fuscabatque
828 1566 990 1627 diem
1016 1577 1226 1627 custos
1249 1566 1700 1627 Erimanthidos
1727 1568 1925 1639 Ursae,

469 1674 588 1734 Aut
610 1674 842 1749 Hyadas
867 1673 1076 1733 saervis
1105 1675 1390 1735 hauserat
1415 1673 1637 1735 Auster
1660 1674 1859 1752 aquis:

377 1780 560 1855 Saepe
588 1777 771 1839 maris
797 1794 941 1855 pars
967 1778 1132 1839 intus
1160 1789 1311 1853 erat;
1345 1790 1550 1841 tamen
1579 1779 1713 1857 ipse
1744 1781 2029 1842 trementi

464 1886 739 1947 Carmina
763 1887 1062 1949 ducebam
1090 1887 1555 1965 qualiacumque
1580 1904 1786 1947 manu.
2118 1959 2129 1977 Ι

386 1994 558 2054 Nunc
585 2008 830 2071 quoque
853 1995 1125 2057 contenti
1149 1992 1417 2057 stridunt
1442 1992 1740 2071 Aquilone
1766 1992 2113 2068 rudenteS,·

468 2102 658 2177 Inque
681 2100 933 2161 modum
957 2102 1177 2161 mmuli
1199 2116 1468 2163 concava
1495 2100 1693 2178 surgit
1712 2116 1894 2176 aqua.

387 2204 525 2285 lpse
548 2207 925 2285 gubernator
946 2208 1168 2268 tollens
1191 2208 1270 2268 ad
1295 2206 1496 2267 sidera
1520 2206 1775 2283 palmaS‚

470 2312 760 2391 Exposcit
787 2312 967 2384 votiS,
993 2311 1312 2373 immemor
1341 2311 1512 2381 amis.
1541 2328 1746 2388 opem.

391 2418 786 2495 Quocumque
812 2415 1089 2494 adspexi,
1119 2414 1268 2475 nihil
1295 2426 1391 2477 est
1418 2415 1534 2477 nisi
1560 2414 1776 2475 mortis
1802 2414 2023 2494 imago:

470 2525 660 2597 Quam
685 2522 871 2585 dubia
894 2522 1079 2583 timeo
1099 2531 1326 2596 mente,
1356 2521 1699 2601 timensque
1727 2538 1972 2600 precor.

395 2633 674 2712 attigero
700 2644 974 2711 portum,
1001 2642 1188 2710 portu
1212 2632 1495 2693 terrebor
1518 2632 1597 2692 ab
1622 2631 1783 2710 ipso.

473 2743 614 2803 Plus
638 2742 822 2802 habet
844 2742 1063 2802 infesta
1084 2751 1254 2802 terra
1278 2740 1514 2802 timoris
1539 2755 1719 2817 aqua.

399 2848 548 2912 Nam
572 2849 750 2910 simul
773 2849 1006 2910 insidiis
1030 2849 1368 2921 hominum,
1396 2847 1721 2926 pelagique
1746 2847 1985 2920 laboro,

390 2985 408 3013 ·.
470 2957 547 3018 Et
568 2954 800 3016 faciunt
825 2954 1100 3032 geminos
1129 2953 1318 3027 ensiS,
1351 2964 1413 3014 et
1433 2954 1598 3014 unda
1626 2962 1860 3012 metus.

393 3065 500 3126 llle
525 3081 664 3126 meo
687 3080 905 3124 vereor
927 3077 1010 3122 ne
1031 3073 1244 3139 speret
1265 3062 1562 3140 sauguine
1588 3062 1885 3138 praedam,

470 3175 612 3236 Haec
636 3173 882 3234 titulum
905 3180 1136 3230 nostrae
1159 3170 1376 3230 mortis
1401 3171 1632 3230 habere
1655 3169 1825 3228 velit.

389 3283 654 3344 Barbara
675 3295 820 3359 pars
843 3280 996 3340 laeva
1019 3287 1120 3340 est
1139 3277 1334 3339 avidae
1353 3275 1671 3338 succincta
1698 3273 1955 3352 rapiuae,

368 3404 374 3410 ·
473 3391 662 3462 Quam
687 3407 873 3452 cruor
891 3400 960 3450 et
979 3389 1187 3451 coedes
1208 3389 1492 3465 bellaque
1517 3401 1765 3471 semper
1791 3384 2043 3446 habent.

397 3499 718 3575 Quumque
751 3498 830 3559 sit
852 3497 1126 3558 hibernis
1149 3495 1444 3571 agitatum
1463 3495 1755 3556 fluetibus
1780 3509 2021 3572 aequor,

484 3607 738 3667 Pectora
765 3615 912 3666 sunt
937 3604 1076 3682 ipso
1103 3600 1442 3663 turbidiora
1470 3601 1646 3662 mari.

400 3713 534 3784 Quo
567 3710 760 3790 magis
785 3711 880 3772 his
905 3709 1094 3770 debes
1117 3706 1463 3786 ignoscere,
1495 3707 1755 3770 candide
1779 3706 1997 3782 lector,

2199 3798 2242 3859 4
