<?xml version="1.0" encoding="UTF-8"?>
<!DOCTYPE html PUBLIC "-//W3C//DTD XHTML 1.0 Transitional//EN"
    "http://www.w3.org/TR/xhtml1/DTD/xhtml1-transitional.dtd">
<html xmlns="http://www.w3.org/1999/xhtml" xml:lang="en" lang="en">
 <head>
  <title>
</title>
<meta http-equiv="Content-Type" content="text/html;charset=utf-8" />
  <meta name='ocr-system' content='tesseract 3.04.00' />
  <meta name='ocr-capabilities' content='ocr_page ocr_carea ocr_par ocr_line ocrx_word'/>
</head>
<body>
  <div class='ocr_page' id='page_1' title='image "./povidiinasonist02ovidgoog_0020.png"; bbox 0 0 3334 5175; ppageno 0'>
   <div class='ocr_carea' id='block_1_1' title="bbox 323 509 2389 3820">
    <p class='ocr_par' dir='ltr' id='par_1_1' title="bbox 473 509 1793 588">
     <span class='ocr_line' id='line_1_1' title="bbox 473 509 1793 588; baseline -0.003 -15"><span class='ocrx_word' id='word_1_1' title='bbox 473 511 722 583; x_wconf 80' lang='lat' dir='ltr'>Horam,</span> <span class='ocrx_word' id='word_1_2' title='bbox 755 510 1090 588; x_wconf 73' lang='lat' dir='ltr'>propositae</span> <span class='ocrx_word' id='word_1_3' title='bbox 1121 525 1259 585; x_wconf 86' lang='lat' dir='ltr'><strong>quae</strong></span> <span class='ocrx_word' id='word_1_4' title='bbox 1289 509 1448 569; x_wconf 82' lang='lat' dir='ltr'><strong>foret</strong></span> <span class='ocrx_word' id='word_1_5' title='bbox 1475 520 1616 587; x_wconf 83' lang='lat' dir='ltr'><strong>apta</strong></span> <span class='ocrx_word' id='word_1_6' title='bbox 1631 509 1793 583; x_wconf 82' lang='lat' dir='ltr'><strong>viae,!</strong></span> 
     </span>
    </p>

    <p class='ocr_par' dir='ltr' id='par_1_2' title="bbox 391 616 1867 802">
     <span class='ocr_line' id='line_1_2' title="bbox 391 616 1867 695; baseline -0.003 -15"><span class='ocrx_word' id='word_1_7' title='bbox 391 622 511 680; x_wconf 84' lang='lat' dir='ltr'><strong>Ter</strong></span> <span class='ocrx_word' id='word_1_8' title='bbox 538 621 724 679; x_wconf 87' lang='lat' dir='ltr'><strong>limen</strong></span> <span class='ocrx_word' id='word_1_9' title='bbox 753 616 944 695; x_wconf 82' lang='lat' dir='ltr'><strong>tetigi3</strong></span> <span class='ocrx_word' id='word_1_10' title='bbox 977 627 1070 676; x_wconf 88' lang='lat' dir='ltr'><strong>ter</strong></span> <span class='ocrx_word' id='word_1_11' title='bbox 1099 632 1237 676; x_wconf 88' lang='lat' dir='ltr'><strong>sum</strong></span> <span class='ocrx_word' id='word_1_12' title='bbox 1266 627 1611 690; x_wconf 82' lang='lat' dir='ltr'><strong>revocatus,</strong></span> <span class='ocrx_word' id='word_1_13' title='bbox 1645 628 1708 677; x_wconf 90' lang='lat' dir='ltr'><strong>et</strong></span> <span class='ocrx_word' id='word_1_14' title='bbox 1736 618 1867 693; x_wconf 85' lang='lat' dir='ltr'><strong>ipse</strong></span> 
     </span>
     <span class='ocr_line' id='line_1_3' title="bbox 474 722 1771 802; baseline -0.004 -16"><span class='ocrx_word' id='word_1_15' title='bbox 474 726 808 802; x_wconf 84' lang='lat' dir='ltr'>Indulgens</span> <span class='ocrx_word' id='word_1_16' title='bbox 830 722 1036 783; x_wconf 88' lang='lat' dir='ltr'><strong>animo</strong></span> <span class='ocrx_word' id='word_1_17' title='bbox 1064 740 1176 800; x_wconf 85' lang='lat' dir='ltr'><strong>pes</strong></span> <span class='ocrx_word' id='word_1_18' title='bbox 1207 722 1354 783; x_wconf 91' lang='lat' dir='ltr'><strong>mihi</strong></span> <span class='ocrx_word' id='word_1_19' title='bbox 1381 723 1596 783; x_wconf 89' lang='lat' dir='ltr'><strong>tardus</strong></span> <span class='ocrx_word' id='word_1_20' title='bbox 1619 733 1771 782; x_wconf 83' lang='lat' dir='ltr'><strong>erat.</strong></span> 
     </span>
    </p>

    <p class='ocr_par' dir='ltr' id='par_1_3' title="bbox 387 830 1888 1019">
     <span class='ocr_line' id='line_1_4' title="bbox 387 830 1888 912; baseline -0.001 -18"><span class='ocrx_word' id='word_1_21' title='bbox 387 837 566 912; x_wconf 85' lang='lat' dir='ltr'><strong>Saepe</strong></span> <span class='ocrx_word' id='word_1_22' title='bbox 593 834 726 894; x_wconf 85' lang='lat' dir='ltr'><strong>vale</strong></span> <span class='ocrx_word' id='word_1_23' title='bbox 757 832 950 905; x_wconf 87' lang='lat' dir='ltr'><strong>dicto,</strong></span> <span class='ocrx_word' id='word_1_24' title='bbox 983 850 1201 894; x_wconf 89' lang='lat' dir='ltr'><strong>rursus</strong></span> <span class='ocrx_word' id='word_1_25' title='bbox 1231 849 1368 893; x_wconf 90' lang='lat' dir='ltr'><strong>sum</strong></span> <span class='ocrx_word' id='word_1_26' title='bbox 1399 833 1590 893; x_wconf 85' lang='lat' dir='ltr'><strong>multa</strong></span> <span class='ocrx_word' id='word_1_27' title='bbox 1619 830 1888 903; x_wconf 82' lang='lat' dir='ltr'><strong>locutuS‚</strong></span> 
     </span>
     <span class='ocr_line' id='line_1_5' title="bbox 471 941 1803 1019; baseline -0.002 -16"><span class='ocrx_word' id='word_1_28' title='bbox 471 942 545 1003; x_wconf 89' lang='lat' dir='ltr'><strong>Et</strong></span> <span class='ocrx_word' id='word_1_29' title='bbox 578 941 752 1019; x_wconf 84' lang='lat' dir='ltr'>quasi</span> <span class='ocrx_word' id='word_1_30' title='bbox 783 941 1110 1002; x_wconf 85' lang='lat' dir='ltr'><strong>discedens</strong></span> <span class='ocrx_word' id='word_1_31' title='bbox 1139 941 1344 1002; x_wconf 87' lang='lat' dir='ltr'><strong>oscula</strong></span> <span class='ocrx_word' id='word_1_32' title='bbox 1375 957 1611 1001; x_wconf 85' lang='lat' dir='ltr'><strong>summa</strong></span> <span class='ocrx_word' id='word_1_33' title='bbox 1641 941 1803 1002; x_wconf 89' lang='lat' dir='ltr'><strong>dedi.</strong></span> 
     </span>
    </p>

    <p class='ocr_par' dir='ltr' id='par_1_4' title="bbox 391 1045 1971 1232">
     <span class='ocr_line' id='line_1_6' title="bbox 391 1045 1971 1126; baseline -0.001 -18"><span class='ocrx_word' id='word_1_34' title='bbox 391 1050 568 1126; x_wconf 82' lang='lat' dir='ltr'><strong>Saepe</strong></span> <span class='ocrx_word' id='word_1_35' title='bbox 596 1047 811 1108; x_wconf 88' lang='lat' dir='ltr'><strong>eadem</strong></span> <span class='ocrx_word' id='word_1_36' title='bbox 843 1049 1128 1109; x_wconf 84' lang='lat' dir='ltr'><strong>mandata</strong></span> <span class='ocrx_word' id='word_1_37' title='bbox 1156 1047 1319 1108; x_wconf 87' lang='lat' dir='ltr'><strong>dedi:</strong></span> <span class='ocrx_word' id='word_1_38' title='bbox 1353 1064 1574 1123; x_wconf 91' lang='lat' dir='ltr'><strong>meque</strong></span> <span class='ocrx_word' id='word_1_39' title='bbox 1603 1047 1737 1125; x_wconf 89' lang='lat' dir='ltr'><strong>ipse</strong></span> <span class='ocrx_word' id='word_1_40' title='bbox 1765 1045 1971 1120; x_wconf 79' lang='lat' dir='ltr'><strong>fefelli,</strong></span> 
     </span>
     <span class='ocr_line' id='line_1_7' title="bbox 471 1153 1728 1232; baseline -0.002 -15"><span class='ocrx_word' id='word_1_41' title='bbox 471 1154 836 1232; x_wconf 87' lang='lat' dir='ltr'><strong>Respiciens</strong></span> <span class='ocrx_word' id='word_1_42' title='bbox 867 1153 1064 1214; x_wconf 89' lang='lat' dir='ltr'><strong>oculis</strong></span> <span class='ocrx_word' id='word_1_43' title='bbox 1093 1153 1354 1231; x_wconf 86' lang='lat' dir='ltr'><strong>pignora</strong></span> <span class='ocrx_word' id='word_1_44' title='bbox 1382 1171 1525 1215; x_wconf 80' lang='lat' dir='ltr'><strong>cara</strong></span> <span class='ocrx_word' id='word_1_45' title='bbox 1555 1154 1728 1215; x_wconf 88' lang='lat' dir='ltr'><strong>meis.</strong></span> 
     </span>
    </p>

    <p class='ocr_par' dir='ltr' id='par_1_5' title="bbox 387 1254 2389 1447">
     <span class='ocr_line' id='line_1_8' title="bbox 387 1254 2389 1342; baseline 0 -19"><span class='ocrx_word' id='word_1_46' title='bbox 387 1265 679 1341; x_wconf 86' lang='lat' dir='ltr'><strong>Denique,</strong></span> <span class='ocrx_word' id='word_1_47' title='bbox 713 1264 867 1335; x_wconf 84' lang='lat' dir='ltr'><strong>Quid</strong></span> <span class='ocrx_word' id='word_1_48' title='bbox 897 1254 1198 1341; x_wconf 79' lang='lat' dir='ltr'><strong>propero?</strong></span> <span class='ocrx_word' id='word_1_49' title='bbox 1224 1264 1466 1341; x_wconf 80' lang='lat' dir='ltr'><strong>Scythia</strong></span> <span class='ocrx_word' id='word_1_50' title='bbox 1495 1274 1590 1325; x_wconf 87' lang='lat' dir='ltr'><strong>est</strong></span> <span class='ocrx_word' id='word_1_51' title='bbox 1617 1282 1742 1342; x_wconf 91' lang='lat' dir='ltr'><strong>quo</strong></span> <span class='ocrx_word' id='word_1_52' title='bbox 1772 1264 2089 1338; x_wconf 78' lang='lat' dir='ltr'><strong>mittimur,</strong></span> <span class='ocrx_word' id='word_1_53' title='bbox 2122 1265 2389 1342; x_wconf 86' lang='lat' dir='ltr'><strong>inquam:</strong></span> 
     </span>
     <span class='ocr_line' id='line_1_9' title="bbox 471 1368 2082 1447; baseline -0.001 -17"><span class='ocrx_word' id='word_1_54' title='bbox 471 1372 667 1430; x_wconf 85' lang='lat' dir='ltr'><strong>Roma</strong></span> <span class='ocrx_word' id='word_1_55' title='bbox 696 1368 1102 1445; x_wconf 85' lang='lat' dir='ltr'><strong>relinquenda</strong></span> <span class='ocrx_word' id='word_1_56' title='bbox 1130 1380 1248 1429; x_wconf 89' lang='lat' dir='ltr'><strong>est:</strong></span> <span class='ocrx_word' id='word_1_57' title='bbox 1281 1380 1546 1446; x_wconf 85' lang='lat' dir='ltr'><strong>utraque</strong></span> <span class='ocrx_word' id='word_1_58' title='bbox 1567 1371 1738 1447; x_wconf 86' lang='lat' dir='ltr'><strong>justa</strong></span> <span class='ocrx_word' id='word_1_59' title='bbox 1766 1386 1940 1430; x_wconf 85' lang='lat' dir='ltr'><strong>mora</strong></span> <span class='ocrx_word' id='word_1_60' title='bbox 1967 1380 2082 1431; x_wconf 89' lang='lat' dir='ltr'><strong>est.</strong></span> 
     </span>
    </p>

    <p class='ocr_par' dir='ltr' id='par_1_6' title="bbox 382 1476 1895 1655">
     <span class='ocr_line' id='line_1_10' title="bbox 382 1476 1795 1553; baseline 0 -16"><span class='ocrx_word' id='word_1_61' title='bbox 382 1478 549 1537; x_wconf 81' lang='lat' dir='ltr'><strong>Uxor</strong></span> <span class='ocrx_word' id='word_1_62' title='bbox 579 1476 643 1535; x_wconf 91' lang='lat' dir='ltr'><strong>in</strong></span> <span class='ocrx_word' id='word_1_63' title='bbox 673 1486 979 1536; x_wconf 83' lang='lat' dir='ltr'><strong>aeternum</strong></span> <span class='ocrx_word' id='word_1_64' title='bbox 1009 1476 1146 1537; x_wconf 85' lang='lat' dir='ltr'><strong>vivo</strong></span> <span class='ocrx_word' id='word_1_65' title='bbox 1177 1476 1324 1537; x_wconf 91' lang='lat' dir='ltr'><strong>mihi</strong></span> <span class='ocrx_word' id='word_1_66' title='bbox 1351 1476 1483 1536; x_wconf 84' lang='lat' dir='ltr'><strong>viva</strong></span> <span class='ocrx_word' id='word_1_67' title='bbox 1512 1486 1795 1553; x_wconf 71' lang='lat' dir='ltr'><strong>negatur:</strong></span> 
     </span>
     <span class='ocr_line' id='line_1_11' title="bbox 472 1583 1895 1655; baseline 0 -12"><span class='ocrx_word' id='word_1_68' title='bbox 472 1584 546 1643; x_wconf 86' lang='lat' dir='ltr'><strong>Et</strong></span> <span class='ocrx_word' id='word_1_69' title='bbox 574 1584 817 1655; x_wconf 67' lang='lat' dir='ltr'><strong>domm,</strong></span> <span class='ocrx_word' id='word_1_70' title='bbox 851 1594 914 1643; x_wconf 91' lang='lat' dir='ltr'><strong>et</strong></span> <span class='ocrx_word' id='word_1_71' title='bbox 943 1583 1082 1644; x_wconf 84' lang='lat' dir='ltr'><strong>fidae</strong></span> <span class='ocrx_word' id='word_1_72' title='bbox 1114 1583 1316 1643; x_wconf 86' lang='lat' dir='ltr'><strong>dulcia</strong></span> <span class='ocrx_word' id='word_1_73' title='bbox 1345 1583 1620 1643; x_wconf 85' lang='lat' dir='ltr'><strong>membra</strong></span> <span class='ocrx_word' id='word_1_74' title='bbox 1650 1584 1895 1655; x_wconf 89' lang='lat' dir='ltr'><strong>domus;</strong></span> 
     </span>
    </p>

    <p class='ocr_par' dir='ltr' id='par_1_7' title="bbox 389 1689 1838 1877">
     <span class='ocr_line' id='line_1_12' title="bbox 389 1689 1838 1767; baseline 0 -18"><span class='ocrx_word' id='word_1_75' title='bbox 389 1691 676 1766; x_wconf 82' lang='lat' dir='ltr'><strong>Quosque</strong></span> <span class='ocrx_word' id='word_1_76' title='bbox 707 1706 822 1767; x_wconf 81' lang='lat' dir='ltr'><strong>ego</strong></span> <span class='ocrx_word' id='word_1_77' title='bbox 850 1689 1036 1749; x_wconf 84' lang='lat' dir='ltr'><strong>dilexi</strong></span> <span class='ocrx_word' id='word_1_78' title='bbox 1063 1689 1340 1750; x_wconf 82' lang='lat' dir='ltr'><strong>fraterno</strong></span> <span class='ocrx_word' id='word_1_79' title='bbox 1369 1706 1544 1750; x_wconf 91' lang='lat' dir='ltr'><strong>more</strong></span> <span class='ocrx_word' id='word_1_80' title='bbox 1572 1689 1838 1763; x_wconf 81' lang='lat' dir='ltr'><strong>sodaleS,</strong></span> 
     </span>
     <span class='ocr_line' id='line_1_13' title="bbox 471 1798 1646 1877; baseline 0.001 -19"><span class='ocrx_word' id='word_1_81' title='bbox 471 1799 518 1858; x_wconf 91' lang='grc'>0</span> <span class='ocrx_word' id='word_1_82' title='bbox 547 1798 693 1858; x_wconf 92' lang='lat' dir='ltr'><strong>mihi</strong></span> <span class='ocrx_word' id='word_1_83' title='bbox 722 1798 956 1859; x_wconf 69' lang='lat' dir='ltr'><strong>Thesea</strong></span> <span class='ocrx_word' id='word_1_84' title='bbox 983 1810 1238 1877; x_wconf 80' lang='lat' dir='ltr'><strong>pectora</strong></span> <span class='ocrx_word' id='word_1_85' title='bbox 1260 1800 1476 1877; x_wconf 85' lang='lat' dir='ltr'><strong>juncta</strong></span> <span class='ocrx_word' id='word_1_86' title='bbox 1505 1799 1646 1861; x_wconf 84' lang='lat' dir='ltr'><strong>fide!</strong></span> 
     </span>
    </p>

    <p class='ocr_par' dir='ltr' id='par_1_8' title="bbox 385 1908 2139 2127">
     <span class='ocr_line' id='line_1_14' title="bbox 385 1908 2006 1987; baseline 0.002 -20"><span class='ocrx_word' id='word_1_87' title='bbox 385 1909 541 1967; x_wconf 87' lang='lat' dir='ltr'><strong>Dum</strong></span> <span class='ocrx_word' id='word_1_88' title='bbox 570 1908 739 1981; x_wconf 87' lang='lat' dir='ltr'><strong>licet,</strong></span> <span class='ocrx_word' id='word_1_89' title='bbox 773 1909 1133 1986; x_wconf 86' lang='lat' dir='ltr'><strong>amplectar:</strong></span> <span class='ocrx_word' id='word_1_90' title='bbox 1166 1926 1483 1987; x_wconf 87' lang='lat' dir='ltr'><strong>nunquam</strong></span> <span class='ocrx_word' id='word_1_91' title='bbox 1510 1910 1773 1971; x_wconf 88' lang='lat' dir='ltr'><strong>fortasse</strong></span> <span class='ocrx_word' id='word_1_92' title='bbox 1800 1910 2006 1972; x_wconf 85' lang='lat' dir='ltr'><strong>licebit</strong></span> 
     </span>
     <span class='ocr_line' id='line_1_15' title="bbox 474 2003 2139 2127; baseline 0.004 -52"><span class='ocrx_word' id='word_1_93' title='bbox 474 2015 774 2093; x_wconf 81' lang='lat' dir='ltr'><strong>Amplius3</strong></span> <span class='ocrx_word' id='word_1_94' title='bbox 810 2016 871 2074; x_wconf 94' lang='lat' dir='ltr'><strong>in</strong></span> <span class='ocrx_word' id='word_1_95' title='bbox 901 2016 1103 2091; x_wconf 88' lang='lat' dir='ltr'><strong>lucro,</strong></span> <span class='ocrx_word' id='word_1_96' title='bbox 1139 2034 1278 2094; x_wconf 85' lang='lat' dir='ltr'><strong>quae</strong></span> <span class='ocrx_word' id='word_1_97' title='bbox 1316 2018 1518 2092; x_wconf 81' lang='lat' dir='ltr'><strong>datur,</strong></span> <span class='ocrx_word' id='word_1_98' title='bbox 1551 2020 1704 2079; x_wconf 84' lang='lat' dir='ltr'><strong>hora</strong></span> <span class='ocrx_word' id='word_1_99' title='bbox 1732 2018 1901 2077; x_wconf 87' lang='lat' dir='ltr'><strong>mihi.</strong></span> <span class='ocrx_word' id='word_1_100' title='bbox 1959 2003 2139 2127; x_wconf 42' lang='lat' dir='ltr'><strong>golt-³</strong></span> 
     </span>
    </p>

    <p class='ocr_par' dir='ltr' id='par_1_9' title="bbox 391 2122 2016 2306">
     <span class='ocr_line' id='line_1_16' title="bbox 391 2122 2016 2200; baseline 0 -18"><span class='ocrx_word' id='word_1_101' title='bbox 391 2122 515 2182; x_wconf 90' lang='lat' dir='ltr'><strong>Nec</strong></span> <span class='ocrx_word' id='word_1_102' title='bbox 551 2137 747 2192; x_wconf 88' lang='lat' dir='ltr'><strong>mora;</strong></span> <span class='ocrx_word' id='word_1_103' title='bbox 785 2122 1088 2183; x_wconf 88' lang='lat' dir='ltr'><strong>sermonis</strong></span> <span class='ocrx_word' id='word_1_104' title='bbox 1116 2123 1300 2183; x_wconf 87' lang='lat' dir='ltr'><strong>verba</strong></span> <span class='ocrx_word' id='word_1_105' title='bbox 1329 2123 1685 2200; x_wconf 79' lang='lat' dir='ltr'><strong>imperfecta</strong></span> <span class='ocrx_word' id='word_1_106' title='bbox 1714 2123 2016 2199; x_wconf 89' lang='lat' dir='ltr'><strong>relinquo,</strong></span> 
     </span>
     <span class='ocr_line' id='line_1_17' title="bbox 475 2227 1902 2306; baseline -0.001 -18"><span class='ocrx_word' id='word_1_107' title='bbox 475 2229 875 2306; x_wconf 84' lang='lat' dir='ltr'><strong>Amplectens</strong></span> <span class='ocrx_word' id='word_1_108' title='bbox 903 2229 1110 2288; x_wconf 88' lang='lat' dir='ltr'><strong>animo</strong></span> <span class='ocrx_word' id='word_1_109' title='bbox 1138 2227 1419 2305; x_wconf 86' lang='lat' dir='ltr'><strong>proxima</strong></span> <span class='ocrx_word' id='word_1_110' title='bbox 1449 2243 1712 2304; x_wconf 81' lang='lat' dir='ltr'><strong>quaeque</strong></span> <span class='ocrx_word' id='word_1_111' title='bbox 1740 2243 1902 2287; x_wconf 91' lang='lat' dir='ltr'><strong>meo.</strong></span> 
     </span>
    </p>

    <p class='ocr_par' dir='ltr' id='par_1_10' title="bbox 390 2335 1997 2521">
     <span class='ocr_line' id='line_1_18' title="bbox 390 2335 1997 2414; baseline 0 -18"><span class='ocrx_word' id='word_1_112' title='bbox 390 2339 548 2397; x_wconf 88' lang='lat' dir='ltr'><strong>Dum</strong></span> <span class='ocrx_word' id='word_1_113' title='bbox 574 2338 825 2414; x_wconf 86' lang='lat' dir='ltr'><strong>loquor,</strong></span> <span class='ocrx_word' id='word_1_114' title='bbox 860 2347 923 2397; x_wconf 88' lang='lat' dir='ltr'><strong>et</strong></span> <span class='ocrx_word' id='word_1_115' title='bbox 950 2337 1190 2409; x_wconf 80' lang='lat' dir='ltr'><strong>flemuS,</strong></span> <span class='ocrx_word' id='word_1_116' title='bbox 1226 2336 1392 2397; x_wconf 88' lang='lat' dir='ltr'><strong>coelo</strong></span> <span class='ocrx_word' id='word_1_117' title='bbox 1422 2335 1821 2397; x_wconf 89' lang='lat' dir='ltr'><strong>nitidissimus</strong></span> <span class='ocrx_word' id='word_1_118' title='bbox 1848 2336 1997 2409; x_wconf 84' lang='lat' dir='ltr'><strong>alto,</strong></span> 
     </span>
     <span class='ocr_line' id='line_1_19' title="bbox 465 2442 1782 2521; baseline 0 -18"><span class='ocrx_word' id='word_1_119' title='bbox 465 2444 652 2504; x_wconf 80' lang='lat' dir='ltr'><strong>Stella</strong></span> <span class='ocrx_word' id='word_1_120' title='bbox 685 2442 887 2521; x_wconf 86' lang='lat' dir='ltr'><strong>gravis</strong></span> <span class='ocrx_word' id='word_1_121' title='bbox 918 2442 1120 2516; x_wconf 84' lang='lat' dir='ltr'><strong>nobis,</strong></span> <span class='ocrx_word' id='word_1_122' title='bbox 1156 2442 1396 2503; x_wconf 81' lang='lat' dir='ltr'><strong>Lucifer</strong></span> <span class='ocrx_word' id='word_1_123' title='bbox 1425 2453 1599 2503; x_wconf 90' lang='lat' dir='ltr'><strong>ortus</strong></span> <span class='ocrx_word' id='word_1_124' title='bbox 1627 2453 1782 2503; x_wconf 81' lang='lat' dir='ltr'><strong>erat.</strong></span> 
     </span>
    </p>

    <p class='ocr_par' dir='ltr' id='par_1_11' title="bbox 323 2548 2219 2738">
     <span class='ocr_line' id='line_1_20' title="bbox 323 2548 2219 2629; baseline 0.001 -18"><span class='ocrx_word' id='word_1_125' title='bbox 323 2578 331 2584; x_wconf 95' lang='lat'>-</span> <span class='ocrx_word' id='word_1_126' title='bbox 387 2550 635 2612; x_wconf 87' lang='lat' dir='ltr'><strong>Dividor</strong></span> <span class='ocrx_word' id='word_1_127' title='bbox 665 2551 830 2612; x_wconf 87' lang='lat' dir='ltr'><strong>haud</strong></span> <span class='ocrx_word' id='word_1_128' title='bbox 859 2549 1058 2624; x_wconf 88' lang='lat' dir='ltr'><strong>aliter,</strong></span> <span class='ocrx_word' id='word_1_129' title='bbox 1093 2565 1275 2628; x_wconf 84' lang='lat' dir='ltr'><strong>quam</strong></span> <span class='ocrx_word' id='word_1_130' title='bbox 1305 2548 1355 2610; x_wconf 90' lang='lat' dir='ltr'><strong>si</strong></span> <span class='ocrx_word' id='word_1_131' title='bbox 1383 2566 1518 2611; x_wconf 88' lang='lat' dir='ltr'><strong>mea</strong></span> <span class='ocrx_word' id='word_1_132' title='bbox 1547 2550 1825 2612; x_wconf 87' lang='lat' dir='ltr'><strong>membra</strong></span> <span class='ocrx_word' id='word_1_133' title='bbox 1851 2549 2219 2629; x_wconf 81' lang='lat' dir='ltr'><strong>relinquam:</strong></span> 
     </span>
     <span class='ocr_line' id='line_1_21' title="bbox 473 2659 1776 2738; baseline -0.001 -16"><span class='ocrx_word' id='word_1_134' title='bbox 473 2662 548 2722; x_wconf 90' lang='lat' dir='ltr'><strong>Et</strong></span> <span class='ocrx_word' id='word_1_135' title='bbox 578 2676 724 2738; x_wconf 88' lang='lat' dir='ltr'><strong>pars</strong></span> <span class='ocrx_word' id='word_1_136' title='bbox 755 2659 1038 2738; x_wconf 84' lang='lat' dir='ltr'><strong>abrumpi</strong></span> <span class='ocrx_word' id='word_1_137' title='bbox 1067 2677 1332 2738; x_wconf 87' lang='lat' dir='ltr'><strong>corpore</strong></span> <span class='ocrx_word' id='word_1_138' title='bbox 1359 2660 1486 2721; x_wconf 84' lang='lat' dir='ltr'><strong>visa</strong></span> <span class='ocrx_word' id='word_1_139' title='bbox 1516 2678 1629 2721; x_wconf 91' lang='lat' dir='ltr'><strong>suo</strong></span> <span class='ocrx_word' id='word_1_140' title='bbox 1660 2672 1776 2722; x_wconf 86' lang='lat' dir='ltr'><strong>est.</strong></span> 
     </span>
    </p>

    <p class='ocr_par' dir='ltr' id='par_1_12' title="bbox 387 2768 2007 2956">
     <span class='ocr_line' id='line_1_22' title="bbox 387 2768 2007 2842; baseline 0 -12"><span class='ocrx_word' id='word_1_141' title='bbox 387 2770 482 2830; x_wconf 89' lang='lat' dir='ltr'><strong>Sic</strong></span> <span class='ocrx_word' id='word_1_142' title='bbox 509 2769 732 2830; x_wconf 88' lang='lat' dir='ltr'><strong>Metius</strong></span> <span class='ocrx_word' id='word_1_143' title='bbox 765 2768 981 2842; x_wconf 89' lang='lat' dir='ltr'><strong>doluit,</strong></span> <span class='ocrx_word' id='word_1_144' title='bbox 1007 2781 1156 2830; x_wconf 90' lang='lat' dir='ltr'><strong>tunc</strong></span> <span class='ocrx_word' id='word_1_145' title='bbox 1188 2786 1329 2830; x_wconf 90' lang='lat' dir='ltr'><strong>cum</strong></span> <span class='ocrx_word' id='word_1_146' title='bbox 1358 2770 1422 2829; x_wconf 90' lang='lat' dir='ltr'><strong>in</strong></span> <span class='ocrx_word' id='word_1_147' title='bbox 1451 2769 1766 2831; x_wconf 85' lang='lat' dir='ltr'><strong>contraria</strong></span> <span class='ocrx_word' id='word_1_148' title='bbox 1793 2787 2007 2831; x_wconf 83' lang='lat' dir='ltr'><strong>versos</strong></span> 
     </span>
     <span class='ocr_line' id='line_1_23' title="bbox 460 2877 1599 2956; baseline -0.002 -16"><span class='ocrx_word' id='word_1_149' title='bbox 460 2881 706 2941; x_wconf 85' lang='lat' dir='ltr'><strong>Ultores</strong></span> <span class='ocrx_word' id='word_1_150' title='bbox 738 2878 956 2939; x_wconf 87' lang='lat' dir='ltr'><strong>habuit</strong></span> <span class='ocrx_word' id='word_1_151' title='bbox 982 2877 1352 2956; x_wconf 85' lang='lat' dir='ltr'><strong>proditionis</strong></span> <span class='ocrx_word' id='word_1_152' title='bbox 1383 2895 1599 2955; x_wconf 79' lang='lat' dir='ltr'><strong>equos,</strong></span> 
     </span>
    </p>

    <p class='ocr_par' dir='ltr' id='par_1_13' title="bbox 381 2985 2045 3171">
     <span class='ocr_line' id='line_1_24' title="bbox 381 2985 2045 3064; baseline -0.001 -17"><span class='ocrx_word' id='word_1_153' title='bbox 381 2989 539 3048; x_wconf 80' lang='lat' dir='ltr'><strong>‘rum</strong></span> <span class='ocrx_word' id='word_1_154' title='bbox 568 2985 718 3048; x_wconf 83' lang='lat' dir='ltr'><strong>vero</strong></span> <span class='ocrx_word' id='word_1_155' title='bbox 750 2987 1032 3050; x_wconf 83' lang='lat' dir='ltr'><strong>exoritur</strong></span> <span class='ocrx_word' id='word_1_156' title='bbox 1063 2988 1298 3047; x_wconf 85' lang='lat' dir='ltr'><strong>clamor</strong></span> <span class='ocrx_word' id='word_1_157' title='bbox 1326 2985 1717 3064; x_wconf 80' lang='lat' dir='ltr'><strong>gemitusque</strong></span> <span class='ocrx_word' id='word_1_158' title='bbox 1745 3003 2045 3059; x_wconf 88' lang='lat' dir='ltr'><strong>meorum,</strong></span> 
     </span>
     <span class='ocr_line' id='line_1_25' title="bbox 470 3094 1824 3171; baseline -0.001 -17"><span class='ocrx_word' id='word_1_159' title='bbox 470 3097 544 3154; x_wconf 90' lang='lat' dir='ltr'><strong>Et</strong></span> <span class='ocrx_word' id='word_1_160' title='bbox 576 3095 805 3157; x_wconf 78' lang='lat' dir='ltr'><strong>feriunt</strong></span> <span class='ocrx_word' id='word_1_161' title='bbox 836 3105 1078 3156; x_wconf 83' lang='lat' dir='ltr'><strong>moestae</strong></span> <span class='ocrx_word' id='word_1_162' title='bbox 1109 3104 1364 3171; x_wconf 83' lang='lat' dir='ltr'><strong>pectora</strong></span> <span class='ocrx_word' id='word_1_163' title='bbox 1393 3094 1558 3153; x_wconf 87' lang='lat' dir='ltr'><strong>nuda</strong></span> <span class='ocrx_word' id='word_1_164' title='bbox 1585 3111 1824 3154; x_wconf 89' lang='lat' dir='ltr'><strong>manus.</strong></span> 
     </span>
    </p>

    <p class='ocr_par' dir='ltr' id='par_1_14' title="bbox 383 3202 1937 3376">
     <span class='ocr_line' id='line_1_26' title="bbox 383 3202 1937 3283; baseline -0.001 -17"><span class='ocrx_word' id='word_1_165' title='bbox 383 3208 540 3266; x_wconf 84' lang='lat' dir='ltr'><strong>Tum</strong></span> <span class='ocrx_word' id='word_1_166' title='bbox 573 3204 720 3268; x_wconf 82' lang='lat' dir='ltr'><strong>vero</strong></span> <span class='ocrx_word' id='word_1_167' title='bbox 749 3208 986 3283; x_wconf 80' lang='lat' dir='ltr'><strong>conjux</strong></span> <span class='ocrx_word' id='word_1_168' title='bbox 1015 3203 1288 3264; x_wconf 91' lang='lat' dir='ltr'><strong>humeris</strong></span> <span class='ocrx_word' id='word_1_169' title='bbox 1317 3204 1597 3263; x_wconf 85' lang='lat' dir='ltr'><strong>abeuntis</strong></span> <span class='ocrx_word' id='word_1_170' title='bbox 1626 3202 1937 3264; x_wconf 88' lang='lat' dir='ltr'><strong>inhaerens</strong></span> 
     </span>
     <span class='ocr_line' id='line_1_27' title="bbox 459 3283 1782 3376; baseline -0.002 -2"><span class='ocrx_word' id='word_1_171' title='bbox 459 3314 708 3376; x_wconf 88' lang='lat' dir='ltr'><strong>Miscuit</strong></span> <span class='ocrx_word' id='word_1_172' title='bbox 737 3317 872 3376; x_wconf 86' lang='lat' dir='ltr'><strong>haec</strong></span> <span class='ocrx_word' id='word_1_173' title='bbox 903 3283 1178 3375; x_wconf 73' lang='lat' dir='ltr'><strong>lacrimis</strong></span> <span class='ocrx_word' id='word_1_174' title='bbox 1210 3312 1406 3375; x_wconf 86' lang='lat' dir='ltr'><strong>tristia</strong></span> <span class='ocrx_word' id='word_1_175' title='bbox 1437 3311 1601 3374; x_wconf 85' lang='lat' dir='ltr'><strong>dicta</strong></span> <span class='ocrx_word' id='word_1_176' title='bbox 1633 3312 1782 3373; x_wconf 89' lang='lat' dir='ltr'><strong>suis:</strong></span> 
     </span>
    </p>

    <p class='ocr_par' dir='ltr' id='par_1_15' title="bbox 380 3420 2044 3605">
     <span class='ocr_line' id='line_1_28' title="bbox 380 3420 2044 3498; baseline 0.001 -18"><span class='ocrx_word' id='word_1_177' title='bbox 380 3421 516 3480; x_wconf 86' lang='lat' dir='ltr'><strong>Non</strong></span> <span class='ocrx_word' id='word_1_178' title='bbox 549 3433 730 3498; x_wconf 89' lang='lat' dir='ltr'><strong>potes</strong></span> <span class='ocrx_word' id='word_1_179' title='bbox 761 3423 960 3482; x_wconf 71' lang='lat' dir='ltr'><strong>avelli!</strong></span> <span class='ocrx_word' id='word_1_180' title='bbox 994 3422 1175 3483; x_wconf 90' lang='lat' dir='ltr'><strong>simul</strong></span> <span class='ocrx_word' id='word_1_181' title='bbox 1205 3421 1305 3480; x_wconf 85' lang='lat' dir='ltr'><strong>ah!</strong></span> <span class='ocrx_word' id='word_1_182' title='bbox 1340 3420 1520 3479; x_wconf 90' lang='lat' dir='ltr'><strong>simul</strong></span> <span class='ocrx_word' id='word_1_183' title='bbox 1550 3420 1794 3494; x_wconf 82' lang='lat' dir='ltr'><strong>ibimuS,</strong></span> <span class='ocrx_word' id='word_1_184' title='bbox 1827 3420 2044 3498; x_wconf 88' lang='lat' dir='ltr'><strong>inquit:</strong></span> 
     </span>
     <span class='ocr_line' id='line_1_29' title="bbox 465 3526 1824 3605; baseline 0 -18"><span class='ocrx_word' id='word_1_185' title='bbox 465 3531 546 3587; x_wconf 89' lang='lat' dir='ltr'><strong>Te</strong></span> <span class='ocrx_word' id='word_1_186' title='bbox 579 3545 829 3604; x_wconf 81' lang='lat' dir='ltr'><strong>sequar,</strong></span> <span class='ocrx_word' id='word_1_187' title='bbox 863 3540 926 3589; x_wconf 87' lang='lat' dir='ltr'><strong>et</strong></span> <span class='ocrx_word' id='word_1_188' title='bbox 955 3530 1189 3605; x_wconf 86' lang='lat' dir='ltr'><strong>conjux</strong></span> <span class='ocrx_word' id='word_1_189' title='bbox 1221 3526 1455 3587; x_wconf 79' lang='lat' dir='ltr'><strong>exsulis</strong></span> <span class='ocrx_word' id='word_1_190' title='bbox 1485 3529 1660 3588; x_wconf 82' lang='lat' dir='ltr'><strong>exsul</strong></span> <span class='ocrx_word' id='word_1_191' title='bbox 1692 3545 1824 3588; x_wconf 89' lang='lat' dir='ltr'><strong>ero.</strong></span> 
     </span>
    </p>

    <p class='ocr_par' dir='ltr' id='par_1_16' title="bbox 381 3633 1997 3820">
     <span class='ocr_line' id='line_1_30' title="bbox 381 3633 1997 3713; baseline 0.002 -21"><span class='ocrx_word' id='word_1_192' title='bbox 381 3635 461 3692; x_wconf 81' lang='lat' dir='ltr'><strong>Et</strong></span> <span class='ocrx_word' id='word_1_193' title='bbox 496 3634 638 3691; x_wconf 84' lang='lat' dir='ltr'><strong>mihi</strong></span> <span class='ocrx_word' id='word_1_194' title='bbox 675 3635 832 3694; x_wconf 82' lang='lat' dir='ltr'><strong>sacta</strong></span> <span class='ocrx_word' id='word_1_195' title='bbox 863 3633 956 3692; x_wconf 75' lang='lat' dir='ltr'><strong>via</strong></span> <span class='ocrx_word' id='word_1_196' title='bbox 985 3645 1102 3694; x_wconf 91' lang='lat' dir='ltr'><strong>est:</strong></span> <span class='ocrx_word' id='word_1_197' title='bbox 1137 3646 1199 3695; x_wconf 91' lang='lat' dir='ltr'><strong>et</strong></span> <span class='ocrx_word' id='word_1_198' title='bbox 1229 3653 1326 3694; x_wconf 88' lang='lat' dir='ltr'><strong>me</strong></span> <span class='ocrx_word' id='word_1_199' title='bbox 1357 3633 1521 3713; x_wconf 89' lang='lat' dir='ltr'><strong>capit</strong></span> <span class='ocrx_word' id='word_1_200' title='bbox 1550 3633 1761 3694; x_wconf 86' lang='lat' dir='ltr'><strong>ultima</strong></span> <span class='ocrx_word' id='word_1_201' title='bbox 1792 3636 1997 3696; x_wconf 86' lang='lat' dir='ltr'><strong>tellus:</strong></span> 
     </span>
     <span class='ocr_line' id='line_1_31' title="bbox 487 3741 1750 3820; baseline 0.002 -22"><span class='ocrx_word' id='word_1_202' title='bbox 487 3741 790 3799; x_wconf 78' lang='lat' dir='ltr'><strong>Accedam</strong></span> <span class='ocrx_word' id='word_1_203' title='bbox 819 3741 1100 3817; x_wconf 79' lang='lat' dir='ltr'><strong>profugae</strong></span> <span class='ocrx_word' id='word_1_204' title='bbox 1131 3743 1370 3802; x_wconf 82' lang='lat' dir='ltr'><strong>sarcina</strong></span> <span class='ocrx_word' id='word_1_205' title='bbox 1398 3760 1583 3820; x_wconf 71' lang='lat' dir='ltr'><strong>parva</strong></span> <span class='ocrx_word' id='word_1_206' title='bbox 1614 3742 1750 3803; x_wconf 88' lang='lat' dir='ltr'><strong>rati.</strong></span> 
     </span>
    </p>
   </div>
  </div>
 </body>
</html>
