3334 5175
559 494 634 555 Et
661 501 944 570 superest
973 492 1104 553 sine
1129 507 1230 553 me
1257 506 1482 555 nomen
1509 493 1574 553 in
1603 494 1761 555 urbe
1788 510 2017 566 mentm

479 598 876 677 Subpositam
905 598 1100 661 stellis
1127 614 1466 677 numquam
1491 600 1889 679 tangentibus
1916 618 2133 678 aequor

561 708 655 769 Me
681 706 834 769 sciat
859 708 922 768 in
951 707 1150 771 media
1175 707 1379 771 vivere
1403 708 1711 771 barbarie.

479 816 854 877 Sauromatae
881 813 1159 893 cingunt,
1191 815 1321 877 fera
1347 832 1524 895 gens,
1557 816 1851 894 Bessique
1880 817 2189 896 Getaeque:

563 920 752 993 Quam
779 938 906 982 non
939 920 1186 1000 ingenio
1213 922 1461 984 nomina
1487 922 1675 1003 digna
1700 924 1863 985 meo!

478 1030 632 1089 Dum
657 1040 862 1091 tamen
891 1046 1040 1091 aura
1066 1041 1260 1109 tepet,
1301 1030 1506 1093 medio
1532 1030 1917 1095 defendimur
1943 1035 2123 1104 lstr03

563 1135 670 1195 llle
695 1134 824 1197 suis
860 1134 1128 1213 liquidus
1152 1136 1316 1199 bella
1341 1134 1585 1215 repellit
1611 1136 1809 1217 aquis.

480 1241 556 1302 At
581 1256 723 1303 cum
747 1242 940 1304 tristis
967 1244 1182 1321 hyems
1209 1242 1572 1321 squallentia
1597 1243 1858 1322 protulit
1886 1260 2019 1317 ora,

563 1351 872 1429 Terraque
899 1366 1248 1414 marmoreo
1275 1352 1534 1414 candida
1557 1353 1719 1415 facta
1744 1353 1889 1432 gelu
1926 1364 2043 1425 est3

483 1459 634 1520 Dum
665 1469 833 1537 patet
858 1470 922 1520 et
947 1458 1174 1521 Boreas
1199 1470 1264 1522 et
1289 1458 1396 1521 nix
1421 1459 1648 1537 injecta
1674 1461 1793 1523 sub
1820 1460 2029 1539 Arct0,

565 1568 718 1629 Tum
746 1567 936 1647 liquet
961 1568 1072 1629 has
1099 1580 1316 1647 gentes
1341 1584 1458 1629 axe
1485 1577 1789 1631 tremente
1818 1569 2040 1647 premi.

487 1671 597 1734 Nix
611 1674 800 1751 jacet,
832 1684 894 1736 et
914 1674 1146 1751 ,iactam
1175 1690 1292 1736 nec
1321 1674 1416 1737 sol
1444 1672 1749 1753 pluviasve
1780 1676 2122 1737 resolvunt:

567 1779 815 1843 Indurat
837 1780 1087 1853 Boreas,
1118 1790 1604 1860 perpetuamque
1633 1780 1803 1843 facit.

487 1887 667 1966 Ergn,
694 1887 800 1949 ubi
831 1888 1082 1951 delicuit
1109 1889 1386 1950 noudum
1413 1887 1608 1967 prior,
1639 1890 1836 1951 altera
1864 1890 2059 1951 venit:

568 1994 641 2056 Et
667 1996 824 2055 solet
851 1994 913 2055 in
946 1994 1153 2059 multis
1182 1994 1348 2056 bima
1377 2010 1628 2057 manere
1665 1994 1843 2057 locis.

486 2105 794 2184 Tantaque
819 2104 1110 2165 commoti
1139 2103 1228 2166 vis
1255 2114 1352 2166 est
1377 2103 1721 2181 Aquilonis,
1756 2114 1827 2165 ut
1852 2105 2008 2166 altas

567 2212 787 2289 AEquet
813 2213 1002 2273 humo
1030 2222 1262 2285 turres,
1293 2220 1582 2289 tectaque
1609 2220 1789 2289 rapta
1812 2210 1990 2273 ferat.

485 2317 770 2392 Pellibus,
801 2328 862 2379 et
889 2317 1042 2380 sutis
1068 2328 1283 2379 arcent
1311 2318 1470 2380 male
1497 2316 1729 2396 frigora
1762 2316 2031 2390 bracciS,

569 2424 800 2502 Oraque
827 2425 906 2486 de
933 2433 1068 2485 toto
1095 2440 1364 2502 corpore
1391 2423 1524 2485 sola
1550 2433 1787 2503 patent.

488 2534 662 2612 Saepe
685 2542 910 2594 sonant
935 2530 1086 2596 moti
1113 2528 1308 2611 glacie
1335 2530 1648 2610 pendente
1676 2530 1880 2611 capilli
1896 2576 1913 2604 ‚

570 2643 642 2703 Et
669 2641 822 2703 nitet
849 2639 1102 2703 inducto
1135 2637 1400 2702 candida
1419 2639 1614 2702 barba
1654 2640 1821 2718 gelu:

489 2748 782 2827 Nudaque
809 2746 1158 2810 consistunt
1183 2747 1444 2812 formam
1475 2744 1782 2810 servantia
1811 2755 1991 2809 testae

571 2856 742 2918 Vina:
773 2873 890 2918 nec
917 2857 1138 2920 hausta
1163 2856 1346 2929 meri,
1376 2856 1488 2917 sed
1527 2855 1669 2918 data
1698 2854 1894 2918 frusta
1920 2855 2161 2918 bibunt.

491 2961 644 3036 Quid
670 2963 910 3040 loquar,
943 2972 1014 3024 ut
1039 2960 1228 3026 vincti
1257 2971 1666 3024 concrescant
1694 2960 1925 3040 frigore
1956 2961 2097 3034 rivi,

572 3072 780 3150 Deque
807 3072 947 3132 lacu
975 3069 1226 3148 fragiles
1251 3068 1624 3130 effodiantur
1649 3069 1859 3146 aquai!

492 3180 650 3257 lpse,
684 3177 1035 3257 papyrifero
1061 3175 1168 3254 qui
1197 3192 1323 3237 non
1353 3175 1675 3254 angustior
1703 3192 1908 3249 amne,

579 3286 868 3348 Miscetur
907 3296 1082 3348 vasto
1109 3285 1308 3347 multa
1334 3301 1450 3364 per
1477 3299 1588 3346 ora
1618 3283 1803 3356 frete,

498 3394 806 3457 Caeruleos
836 3393 1030 3456 ventis
1059 3392 1272 3456 latices
1299 3391 1666 3456 durantibus
1696 3392 1849 3454 Ister

580 3501 893 3580 Cougelat,
927 3509 992 3560 et
1015 3497 1198 3560 tectis
1225 3497 1290 3557 iu
1319 3513 1490 3559 mare
1519 3497 1714 3575 serpit
1740 3497 1941 3574 aquis.

501 3609 748 3686 Quaque
773 3616 936 3668 rates
963 3603 1182 3677 ierant,
1213 3602 1478 3683 pedibus
1504 3619 1673 3664 nunc
1700 3603 1846 3678 itur,
1878 3616 1943 3668 et
1969 3607 2166 3668 undas

583 3712 832 3792 Frigore
868 3721 1192 3774 concretas
1225 3711 1693 3791 ungula-pulsat
1721 3711 1887 3789 equi;
