<?xml version="1.0" encoding="UTF-8"?>
<!DOCTYPE html PUBLIC "-//W3C//DTD XHTML 1.0 Transitional//EN"
    "http://www.w3.org/TR/xhtml1/DTD/xhtml1-transitional.dtd">
<html xmlns="http://www.w3.org/1999/xhtml" xml:lang="en" lang="en">
 <head>
  <title>
</title>
<meta http-equiv="Content-Type" content="text/html;charset=utf-8" />
  <meta name='ocr-system' content='tesseract 3.04.00' />
  <meta name='ocr-capabilities' content='ocr_page ocr_carea ocr_par ocr_line ocrx_word'/>
</head>
<body>
  <div class='ocr_page' id='page_1' title='image "./povidiinasonist02ovidgoog_0108.png"; bbox 0 0 3334 5175; ppageno 0'>
   <div class='ocr_carea' id='block_1_1' title="bbox 1197 384 1479 444">
    <p class='ocr_par' dir='ltr' id='par_1_1' title="bbox 1197 384 1479 444">
     <span class='ocr_line' id='line_1_1' title="bbox 1197 384 1479 444; baseline 0 -1"><span class='ocrx_word' id='word_1_1' title='bbox 1197 384 1479 444; x_wconf 70' lang='lat'>—105-</span> 
     </span>
    </p>
   </div>
   <div class='ocr_carea' id='block_1_2' title="bbox 316 512 1966 701">
    <p class='ocr_par' dir='ltr' id='par_1_2' title="bbox 316 512 1966 701">
     <span class='ocr_line' id='line_1_2' title="bbox 394 512 1603 593; baseline -0.002 -16"><span class='ocrx_word' id='word_1_2' title='bbox 394 517 630 590; x_wconf 87' lang='lat' dir='ltr'><strong>Nostra,</strong></span> <span class='ocrx_word' id='word_1_3' title='bbox 663 514 778 577; x_wconf 87' lang='lat' dir='ltr'><strong>nisi</strong></span> <span class='ocrx_word' id='word_1_4' title='bbox 808 512 1049 577; x_wconf 87' lang='lat' dir='ltr'><strong>auctori</strong></span> <span class='ocrx_word' id='word_1_5' title='bbox 1076 514 1425 593; x_wconf 84' lang='lat' dir='ltr'><strong>perniciosa</strong></span> <span class='ocrx_word' id='word_1_6' title='bbox 1466 531 1603 576; x_wconf 83' lang='lat' dir='ltr'><strong>suo.</strong></span> 
     </span>
     <span class='ocr_line' id='line_1_3' title="bbox 316 619 1966 701; baseline 0.001 -21"><span class='ocrx_word' id='word_1_7' title='bbox 316 622 391 681; x_wconf 84' lang='lat' dir='ltr'><strong>At</strong></span> <span class='ocrx_word' id='word_1_8' title='bbox 416 623 569 683; x_wconf 86' lang='lat' dir='ltr'><strong>mala</strong></span> <span class='ocrx_word' id='word_1_9' title='bbox 599 631 763 683; x_wconf 90' lang='lat' dir='ltr'><strong>sunt:</strong></span> <span class='ocrx_word' id='word_1_10' title='bbox 793 620 1017 683; x_wconf 84' lang='lat' dir='ltr'><strong>fateor:</strong></span> <span class='ocrx_word' id='word_1_11' title='bbox 1040 619 1181 699; x_wconf 84' lang='lat' dir='ltr'><strong>quis</strong></span> <span class='ocrx_word' id='word_1_12' title='bbox 1210 630 1273 682; x_wconf 87' lang='lat' dir='ltr'><strong>te</strong></span> <span class='ocrx_word' id='word_1_13' title='bbox 1302 622 1461 682; x_wconf 80' lang='lat' dir='ltr'><strong>mala</strong></span> <span class='ocrx_word' id='word_1_14' title='bbox 1491 636 1739 682; x_wconf 86' lang='lat' dir='ltr'><strong>sumere</strong></span> <span class='ocrx_word' id='word_1_15' title='bbox 1769 620 1966 701; x_wconf 76' lang='lat' dir='ltr'><strong>cogit?</strong></span> 
     </span>
    </p>
   </div>
   <div class='ocr_carea' id='block_1_3' title="bbox 315 728 1886 1239">
    <p class='ocr_par' dir='ltr' id='par_1_3' title="bbox 315 728 1886 1239">
     <span class='ocr_line' id='line_1_4' title="bbox 395 728 1794 809; baseline 0 -20"><span class='ocrx_word' id='word_1_16' title='bbox 395 730 513 789; x_wconf 87' lang='lat' dir='ltr'><strong>Aut</strong></span> <span class='ocrx_word' id='word_1_17' title='bbox 546 728 681 807; x_wconf 88' lang='lat' dir='ltr'><strong>quis</strong></span> <span class='ocrx_word' id='word_1_18' title='bbox 710 730 1039 807; x_wconf 90' lang='lat' dir='ltr'><strong>deceptum</strong></span> <span class='ocrx_word' id='word_1_19' title='bbox 1067 744 1303 807; x_wconf 88' lang='lat' dir='ltr'><strong>ponere</strong></span> <span class='ocrx_word' id='word_1_20' title='bbox 1322 739 1571 809; x_wconf 80' lang='lat' dir='ltr'><strong>sumpta</strong></span> <span class='ocrx_word' id='word_1_21' title='bbox 1600 730 1794 792; x_wconf 77' lang='lat' dir='ltr'><strong>vetat?</strong></span> 
     </span>
     <span class='ocr_line' id='line_1_5' title="bbox 318 833 1886 913; baseline 0.003 -22"><span class='ocrx_word' id='word_1_22' title='bbox 318 833 449 910; x_wconf 87' lang='lat' dir='ltr'><strong>lpse</strong></span> <span class='ocrx_word' id='word_1_23' title='bbox 478 851 593 895; x_wconf 90' lang='lat' dir='ltr'><strong>nec</strong></span> <span class='ocrx_word' id='word_1_24' title='bbox 622 835 909 896; x_wconf 87' lang='lat' dir='ltr'><strong>emendo:</strong></span> <span class='ocrx_word' id='word_1_25' title='bbox 942 835 1053 897; x_wconf 90' lang='lat' dir='ltr'><strong>sed</strong></span> <span class='ocrx_word' id='word_1_26' title='bbox 1072 845 1141 897; x_wconf 88' lang='lat' dir='ltr'><strong>ut</strong></span> <span class='ocrx_word' id='word_1_27' title='bbox 1161 834 1259 897; x_wconf 88' lang='lat' dir='ltr'><strong>hic</strong></span> <span class='ocrx_word' id='word_1_28' title='bbox 1282 836 1548 897; x_wconf 87' lang='lat' dir='ltr'><strong>deducta</strong></span> <span class='ocrx_word' id='word_1_29' title='bbox 1576 836 1886 913; x_wconf 79' lang='lat' dir='ltr'><strong>legantur:</strong></span> 
     </span>
     <span class='ocr_line' id='line_1_6' title="bbox 396 943 1546 1007; baseline 0.003 -4"><span class='ocrx_word' id='word_1_30' title='bbox 396 944 525 1005; x_wconf 91' lang='lat' dir='ltr'><strong>Non</strong></span> <span class='ocrx_word' id='word_1_31' title='bbox 557 955 704 1006; x_wconf 89' lang='lat' dir='ltr'><strong>sunt</strong></span> <span class='ocrx_word' id='word_1_32' title='bbox 732 943 834 1006; x_wconf 87' lang='lat' dir='ltr'><strong>illa</strong></span> <span class='ocrx_word' id='word_1_33' title='bbox 860 960 974 1005; x_wconf 93' lang='lat' dir='ltr'><strong>suo</strong></span> <span class='ocrx_word' id='word_1_34' title='bbox 1001 943 1362 1007; x_wconf 77' lang='lat' dir='ltr'><strong>barbariora</strong></span> <span class='ocrx_word' id='word_1_35' title='bbox 1381 945 1546 1006; x_wconf 86' lang='lat' dir='ltr'><strong>loco.</strong></span> 
     </span>
     <span class='ocr_line' id='line_1_7' title="bbox 315 1049 1714 1130; baseline 0.003 -21"><span class='ocrx_word' id='word_1_36' title='bbox 315 1049 431 1111; x_wconf 89' lang='lat' dir='ltr'><strong>Nec</strong></span> <span class='ocrx_word' id='word_1_37' title='bbox 458 1068 555 1112; x_wconf 90' lang='lat' dir='ltr'><strong>me</strong></span> <span class='ocrx_word' id='word_1_38' title='bbox 582 1053 773 1112; x_wconf 87' lang='lat' dir='ltr'><strong>Roma</strong></span> <span class='ocrx_word' id='word_1_39' title='bbox 804 1050 933 1113; x_wconf 88' lang='lat' dir='ltr'><strong>suis</strong></span> <span class='ocrx_word' id='word_1_40' title='bbox 962 1052 1147 1113; x_wconf 90' lang='lat' dir='ltr'><strong>debet</strong></span> <span class='ocrx_word' id='word_1_41' title='bbox 1176 1051 1462 1113; x_wconf 77' lang='lat' dir='ltr'><strong>conferre</strong></span> <span class='ocrx_word' id='word_1_42' title='bbox 1490 1052 1714 1130; x_wconf 87' lang='lat' dir='ltr'><strong>poetis;</strong></span> 
     </span>
     <span class='ocr_line' id='line_1_8' title="bbox 401 1158 1530 1239; baseline 0.004 -23"><span class='ocrx_word' id='word_1_43' title='bbox 401 1158 566 1219; x_wconf 84' lang='lat' dir='ltr'><strong>Inter</strong></span> <span class='ocrx_word' id='word_1_44' title='bbox 594 1160 989 1221; x_wconf 79' lang='lat' dir='ltr'><strong>Sauromatas</strong></span> <span class='ocrx_word' id='word_1_45' title='bbox 1020 1158 1377 1239; x_wconf 67' lang='lat' dir='ltr'><strong>ingeniosus</strong></span> <span class='ocrx_word' id='word_1_46' title='bbox 1398 1176 1530 1221; x_wconf 86' lang='lat' dir='ltr'><strong>ero.</strong></span> 
     </span>
    </p>
   </div>
   <div class='ocr_carea' id='block_1_4' title="bbox 218 1262 1805 1343">
    <p class='ocr_par' dir='ltr' id='par_1_4' title="bbox 218 1262 1805 1343">
     <span class='ocr_line' id='line_1_9' title="bbox 218 1262 1805 1343; baseline 0.003 -21"><span class='ocrx_word' id='word_1_47' title='bbox 218 1332 225 1337; x_wconf 45' lang='grc'><strong>,</strong></span> <span class='ocrx_word' id='word_1_48' title='bbox 314 1262 586 1340; x_wconf 84' lang='lat' dir='ltr'><strong>Denique</strong></span> <span class='ocrx_word' id='word_1_49' title='bbox 618 1266 789 1327; x_wconf 90' lang='lat' dir='ltr'><strong>nulla</strong></span> <span class='ocrx_word' id='word_1_50' title='bbox 816 1264 966 1326; x_wconf 88' lang='lat' dir='ltr'><strong>mihi</strong></span> <span class='ocrx_word' id='word_1_51' title='bbox 994 1274 1281 1343; x_wconf 84' lang='lat' dir='ltr'><strong>captatur</strong></span> <span class='ocrx_word' id='word_1_52' title='bbox 1300 1265 1521 1343; x_wconf 84' lang='lat' dir='ltr'><strong>gloria,</strong></span> <span class='ocrx_word' id='word_1_53' title='bbox 1540 1282 1805 1343; x_wconf 85' lang='lat' dir='ltr'><strong>quaeque</strong></span> 
     </span>
    </p>
   </div>
   <div class='ocr_carea' id='block_1_5' title="bbox 312 1370 1786 1537">
    <p class='ocr_par' dir='ltr' id='par_1_5' title="bbox 312 1370 1786 1537">
     <span class='ocr_line' id='line_1_10' title="bbox 398 1370 1657 1448; baseline 0.002 -20"><span class='ocrx_word' id='word_1_54' title='bbox 398 1370 652 1448; x_wconf 84' lang='lat' dir='ltr'><strong>Ingenio</strong></span> <span class='ocrx_word' id='word_1_55' title='bbox 683 1371 967 1432; x_wconf 83' lang='lat' dir='ltr'><strong>stimulos</strong></span> <span class='ocrx_word' id='word_1_56' title='bbox 994 1370 1267 1432; x_wconf 82' lang='lat' dir='ltr'><strong>subdere</strong></span> <span class='ocrx_word' id='word_1_57' title='bbox 1287 1372 1447 1431; x_wconf 80' lang='lat' dir='ltr'><strong>fama</strong></span> <span class='ocrx_word' id='word_1_58' title='bbox 1478 1371 1657 1431; x_wconf 89' lang='lat' dir='ltr'><strong>solet.</strong></span> 
     </span>
     <span class='ocr_line' id='line_1_11' title="bbox 312 1474 1786 1537; baseline 0.001 -5"><span class='ocrx_word' id='word_1_59' title='bbox 312 1474 615 1536; x_wconf 88' lang='lat' dir='ltr'><strong>Nolumus</strong></span> <span class='ocrx_word' id='word_1_60' title='bbox 644 1475 919 1537; x_wconf 82' lang='lat' dir='ltr'><strong>adsiduis</strong></span> <span class='ocrx_word' id='word_1_61' title='bbox 948 1474 1221 1535; x_wconf 84' lang='lat' dir='ltr'><strong>animum</strong></span> <span class='ocrx_word' id='word_1_62' title='bbox 1250 1476 1575 1536; x_wconf 85' lang='lat' dir='ltr'><strong>tabescere</strong></span> <span class='ocrx_word' id='word_1_63' title='bbox 1596 1474 1786 1535; x_wconf 88' lang='lat' dir='ltr'><strong>curis:</strong></span> 
     </span>
    </p>
   </div>
   <div class='ocr_carea' id='block_1_6' title="bbox 303 1583 2024 1876">
    <p class='ocr_par' dir='ltr' id='par_1_6' title="bbox 303 1583 2024 1876">
     <span class='ocr_line' id='line_1_12' title="bbox 390 1583 2024 1660; baseline 0 -17"><span class='ocrx_word' id='word_1_64' title='bbox 390 1584 543 1655; x_wconf 84' lang='lat' dir='ltr'><strong>Quae</strong></span> <span class='ocrx_word' id='word_1_65' title='bbox 572 1594 773 1644; x_wconf 87' lang='lat' dir='ltr'><strong>tamen</strong></span> <span class='ocrx_word' id='word_1_66' title='bbox 801 1583 1176 1660; x_wconf 85' lang='lat' dir='ltr'><strong>irrumpunt,</strong></span> <span class='ocrx_word' id='word_1_67' title='bbox 1210 1599 1465 1660; x_wconf 84' lang='lat' dir='ltr'><strong>quoque</strong></span> <span class='ocrx_word' id='word_1_68' title='bbox 1502 1592 1813 1656; x_wconf 84' lang='lat' dir='ltr'><strong>vetantur,</strong></span> <span class='ocrx_word' id='word_1_69' title='bbox 1855 1594 2024 1645; x_wconf 85' lang='lat' dir='ltr'><strong>eunt.</strong></span> 
     </span>
     <span class='ocr_line' id='line_1_13' title="bbox 303 1690 1954 1767; baseline 0.003 -17"><span class='ocrx_word' id='word_1_70' title='bbox 303 1691 432 1753; x_wconf 72' lang='lat' dir='ltr'><strong>Gur</strong></span> <span class='ocrx_word' id='word_1_71' title='bbox 460 1690 733 1753; x_wconf 87' lang='lat' dir='ltr'><strong>scribam</strong></span> <span class='ocrx_word' id='word_1_72' title='bbox 762 1691 969 1754; x_wconf 87' lang='lat' dir='ltr'><strong>docui:</strong></span> <span class='ocrx_word' id='word_1_73' title='bbox 1000 1706 1115 1752; x_wconf 89' lang='lat' dir='ltr'><strong>cur</strong></span> <span class='ocrx_word' id='word_1_74' title='bbox 1144 1690 1408 1763; x_wconf 84' lang='lat' dir='ltr'><strong>mittam,</strong></span> <span class='ocrx_word' id='word_1_75' title='bbox 1444 1690 1741 1767; x_wconf 75' lang='lat' dir='ltr'><strong>quaeritiS,</strong></span> <span class='ocrx_word' id='word_1_76' title='bbox 1774 1691 1954 1755; x_wconf 71' lang='lat' dir='ltr'><strong>istos?</strong></span> 
     </span>
     <span class='ocr_line' id='line_1_14' title="bbox 397 1794 1734 1876; baseline 0 -19"><span class='ocrx_word' id='word_1_77' title='bbox 397 1796 738 1860; x_wconf 86' lang='lat' dir='ltr'><strong>Vobiscum</strong></span> <span class='ocrx_word' id='word_1_78' title='bbox 767 1796 1013 1876; x_wconf 87' lang='lat' dir='ltr'><strong>cupiam</strong></span> <span class='ocrx_word' id='word_1_79' title='bbox 1044 1794 1328 1874; x_wconf 88' lang='lat' dir='ltr'><strong>quolibet</strong></span> <span class='ocrx_word' id='word_1_80' title='bbox 1357 1812 1495 1859; x_wconf 90' lang='lat' dir='ltr'><strong>esse</strong></span> <span class='ocrx_word' id='word_1_81' title='bbox 1526 1797 1734 1859; x_wconf 75' lang='lat' dir='ltr'><strong>modo,</strong></span> 
     </span>
    </p>
   </div>
   <div class='ocr_carea' id='block_1_7' title="bbox 1006 2014 1519 2072">
    <p class='ocr_par' dir='ltr' id='par_1_7' title="bbox 1006 2014 1519 2072">
     <span class='ocr_line' id='line_1_15' title="bbox 1006 2014 1519 2072; baseline 0.002 -3"><span class='ocrx_word' id='word_1_82' title='bbox 1006 2014 1361 2072; x_wconf 68' lang='lat' dir='ltr'><strong>mmmm</strong></span> <span class='ocrx_word' id='word_1_83' title='bbox 1402 2016 1519 2072; x_wconf 86' lang='lat'><strong>11.</strong></span> 
     </span>
    </p>
   </div>
   <div class='ocr_carea' id='block_1_8' title="bbox 304 2224 2130 3797">
    <p class='ocr_par' dir='ltr' id='par_1_8' title="bbox 304 2224 2130 3797">
     <span class='ocr_line' id='line_1_16' title="bbox 310 2224 1890 2306; baseline -0.001 -18"><span class='ocrx_word' id='word_1_84' title='bbox 310 2228 559 2306; x_wconf 81' lang='lat' dir='ltr'><strong>Ecquid</strong></span> <span class='ocrx_word' id='word_1_85' title='bbox 594 2238 661 2289; x_wconf 89' lang='lat' dir='ltr'><strong>ut</strong></span> <span class='ocrx_word' id='word_1_86' title='bbox 687 2244 722 2288; x_wconf 94' lang='lat' dir='ltr'><strong>e</strong></span> <span class='ocrx_word' id='word_1_87' title='bbox 750 2229 947 2289; x_wconf 82' lang='lat' dir='ltr'><strong>Ponto</strong></span> <span class='ocrx_word' id='word_1_88' title='bbox 975 2242 1135 2286; x_wconf 82' lang='lat' dir='ltr'><strong>nova</strong></span> <span class='ocrx_word' id='word_1_89' title='bbox 1164 2225 1330 2287; x_wconf 83' lang='lat' dir='ltr'><strong>venit</strong></span> <span class='ocrx_word' id='word_1_90' title='bbox 1358 2224 1643 2303; x_wconf 84' lang='lat' dir='ltr'><strong>epistola,</strong></span> <span class='ocrx_word' id='word_1_91' title='bbox 1677 2226 1890 2303; x_wconf 67' lang='lat' dir='ltr'><strong>pallet,</strong></span> 
     </span>
     <span class='ocr_line' id='line_1_17' title="bbox 392 2330 1581 2396; baseline -0.001 -1"><span class='ocrx_word' id='word_1_92' title='bbox 392 2336 468 2396; x_wconf 89' lang='lat' dir='ltr'><strong>Et</strong></span> <span class='ocrx_word' id='word_1_93' title='bbox 500 2334 613 2395; x_wconf 87' lang='lat' dir='ltr'><strong>tibi</strong></span> <span class='ocrx_word' id='word_1_94' title='bbox 640 2332 904 2395; x_wconf 84' lang='lat' dir='ltr'><strong>sollicita</strong></span> <span class='ocrx_word' id='word_1_95' title='bbox 932 2330 1193 2395; x_wconf 82' lang='lat' dir='ltr'><strong>solvitur</strong></span> <span class='ocrx_word' id='word_1_96' title='bbox 1220 2332 1327 2392; x_wconf 89' lang='lat' dir='ltr'><strong>illa</strong></span> <span class='ocrx_word' id='word_1_97' title='bbox 1361 2332 1581 2394; x_wconf 79' lang='lat' dir='ltr'><strong>manu?</strong></span> 
     </span>
     <span class='ocr_line' id='line_1_18' title="bbox 304 2438 2120 2516; baseline 0 -15"><span class='ocrx_word' id='word_1_98' title='bbox 304 2442 476 2503; x_wconf 86' lang='lat' dir='ltr'><strong>Pone</strong></span> <span class='ocrx_word' id='word_1_99' title='bbox 509 2450 765 2511; x_wconf 89' lang='lat' dir='ltr'><strong>metum;</strong></span> <span class='ocrx_word' id='word_1_100' title='bbox 812 2439 1006 2511; x_wconf 81' lang='lat' dir='ltr'><strong>valeo,</strong></span> <span class='ocrx_word' id='word_1_101' title='bbox 1039 2453 1421 2516; x_wconf 82' lang='lat' dir='ltr'><strong>corpusque,</strong></span> <span class='ocrx_word' id='word_1_102' title='bbox 1468 2438 1637 2515; x_wconf 87' lang='lat' dir='ltr'><strong>quod</strong></span> <span class='ocrx_word' id='word_1_103' title='bbox 1665 2448 1814 2501; x_wconf 84' lang='lat' dir='ltr'><strong>ante</strong></span> <span class='ocrx_word' id='word_1_104' title='bbox 1839 2438 2120 2502; x_wconf 83' lang='lat' dir='ltr'><strong>laborum</strong></span> 
     </span>
     <span class='ocr_line' id='line_1_19' title="bbox 394 2545 1605 2626; baseline 0 -16"><span class='ocrx_word' id='word_1_105' title='bbox 394 2546 739 2626; x_wconf 85' lang='lat' dir='ltr'><strong>Impatiens</strong></span> <span class='ocrx_word' id='word_1_106' title='bbox 772 2546 952 2609; x_wconf 88' lang='lat' dir='ltr'><strong>nobis</strong></span> <span class='ocrx_word' id='word_1_107' title='bbox 979 2546 1443 2626; x_wconf 86' lang='lat' dir='ltr'><strong>invalidumque</strong></span> <span class='ocrx_word' id='word_1_108' title='bbox 1470 2545 1605 2622; x_wconf 85' lang='lat' dir='ltr'><strong>fuit,</strong></span> 
     </span>
     <span class='ocr_line' id='line_1_20' title="bbox 304 2655 1792 2734; baseline 0 -16"><span class='ocrx_word' id='word_1_109' title='bbox 304 2655 571 2729; x_wconf 88' lang='lat' dir='ltr'><strong>Sufficit,</strong></span> <span class='ocrx_word' id='word_1_110' title='bbox 605 2664 790 2734; x_wconf 89' lang='lat' dir='ltr'><strong>atque</strong></span> <span class='ocrx_word' id='word_1_111' title='bbox 816 2655 956 2734; x_wconf 86' lang='lat' dir='ltr'><strong>ipso</strong></span> <span class='ocrx_word' id='word_1_112' title='bbox 982 2666 1277 2718; x_wconf 83' lang='lat' dir='ltr'><strong>vexatum</strong></span> <span class='ocrx_word' id='word_1_113' title='bbox 1303 2655 1619 2719; x_wconf 81' lang='lat' dir='ltr'><strong>indurruit</strong></span> <span class='ocrx_word' id='word_1_114' title='bbox 1650 2673 1792 2720; x_wconf 90' lang='lat' dir='ltr'><strong>usu.</strong></span> 
     </span>
     <span class='ocr_line' id='line_1_21' title="bbox 394 2762 1770 2842; baseline -0.001 -18"><span class='ocrx_word' id='word_1_115' title='bbox 394 2764 491 2824; x_wconf 85' lang='lat' dir='ltr'><strong>An</strong></span> <span class='ocrx_word' id='word_1_116' title='bbox 523 2762 716 2842; x_wconf 85' lang='lat' dir='ltr'><strong>magis</strong></span> <span class='ocrx_word' id='word_1_117' title='bbox 747 2763 994 2826; x_wconf 85' lang='lat' dir='ltr'><strong>infirmo</strong></span> <span class='ocrx_word' id='word_1_118' title='bbox 1035 2781 1164 2826; x_wconf 85' lang='lat' dir='ltr'><strong>uon</strong></span> <span class='ocrx_word' id='word_1_119' title='bbox 1190 2775 1371 2826; x_wconf 80' lang='lat' dir='ltr'><strong>vacat</strong></span> <span class='ocrx_word' id='word_1_120' title='bbox 1416 2781 1554 2825; x_wconf 87' lang='lat' dir='ltr'><strong>esse</strong></span> <span class='ocrx_word' id='word_1_121' title='bbox 1592 2763 1770 2824; x_wconf 76' lang='lat' dir='ltr'><strong>mihi?</strong></span> 
     </span>
     <span class='ocr_line' id='line_1_22' title="bbox 310 2869 2130 2948; baseline -0.003 -14"><span class='ocrx_word' id='word_1_122' title='bbox 310 2872 487 2934; x_wconf 86' lang='lat' dir='ltr'><strong>Mens</strong></span> <span class='ocrx_word' id='word_1_123' title='bbox 516 2879 721 2931; x_wconf 87' lang='lat' dir='ltr'><strong>tamen</strong></span> <span class='ocrx_word' id='word_1_124' title='bbox 754 2886 920 2948; x_wconf 82' lang='lat' dir='ltr'><strong>aegra</strong></span> <span class='ocrx_word' id='word_1_125' title='bbox 939 2870 1130 2946; x_wconf 68' lang='lat' dir='ltr'><strong>¹iacet,</strong></span> <span class='ocrx_word' id='word_1_126' title='bbox 1169 2885 1286 2930; x_wconf 83' lang='lat' dir='ltr'><strong>uec</strong></span> <span class='ocrx_word' id='word_1_127' title='bbox 1322 2879 1604 2946; x_wconf 82' lang='lat' dir='ltr'><strong>tempore</strong></span> <span class='ocrx_word' id='word_1_128' title='bbox 1630 2869 1860 2930; x_wconf 87' lang='lat' dir='ltr'><strong>robora</strong></span> <span class='ocrx_word' id='word_1_129' title='bbox 1889 2869 2130 2942; x_wconf 80' lang='lat' dir='ltr'><strong>sumsit,</strong></span> 
     </span>
     <span class='ocr_line' id='line_1_23' title="bbox 392 2973 1803 3051; baseline -0.003 -13"><span class='ocrx_word' id='word_1_130' title='bbox 392 2974 816 3051; x_wconf 80' lang='lat' dir='ltr'><strong>Adfestusque</strong></span> <span class='ocrx_word' id='word_1_131' title='bbox 840 2973 1048 3047; x_wconf 78' lang='lat' dir='ltr'><strong>animi,</strong></span> <span class='ocrx_word' id='word_1_132' title='bbox 1080 2973 1187 3051; x_wconf 84' lang='lat' dir='ltr'><strong>qui</strong></span> <span class='ocrx_word' id='word_1_133' title='bbox 1217 2973 1332 3035; x_wconf 75' lang='lat' dir='ltr'><strong>fuit</strong></span> <span class='ocrx_word' id='word_1_134' title='bbox 1361 2984 1531 3049; x_wconf 89' lang='lat' dir='ltr'><strong>ante,</strong></span> <span class='ocrx_word' id='word_1_135' title='bbox 1567 2985 1803 3036; x_wconf 90' lang='lat' dir='ltr'><strong>manet.</strong></span> 
     </span>
     <span class='ocr_line' id='line_1_24' title="bbox 308 3078 1814 3157; baseline -0.004 -13"><span class='ocrx_word' id='word_1_136' title='bbox 308 3082 590 3157; x_wconf 80' lang='lat' dir='ltr'><strong>Quaeque</strong></span> <span class='ocrx_word' id='word_1_137' title='bbox 624 3093 800 3140; x_wconf 85' lang='lat' dir='ltr'><strong>mora</strong></span> <span class='ocrx_word' id='word_1_138' title='bbox 828 3078 1158 3156; x_wconf 79' lang='lat' dir='ltr'><strong>spatioque</strong></span> <span class='ocrx_word' id='word_1_139' title='bbox 1186 3095 1303 3138; x_wconf 87' lang='lat' dir='ltr'><strong>suo</strong></span> <span class='ocrx_word' id='word_1_140' title='bbox 1332 3078 1574 3138; x_wconf 89' lang='lat' dir='ltr'><strong>coitura</strong></span> <span class='ocrx_word' id='word_1_141' title='bbox 1602 3079 1814 3156; x_wconf 82' lang='lat' dir='ltr'><strong>putavi</strong></span> 
     </span>
     <span class='ocr_line' id='line_1_25' title="bbox 394 3181 2012 3260; baseline -0.003 -12"><span class='ocrx_word' id='word_1_142' title='bbox 394 3186 689 3260; x_wconf 86' lang='lat' dir='ltr'><strong>Vulnera,</strong></span> <span class='ocrx_word' id='word_1_143' title='bbox 730 3200 858 3245; x_wconf 90' lang='lat' dir='ltr'><strong>non</strong></span> <span class='ocrx_word' id='word_1_144' title='bbox 887 3181 1087 3256; x_wconf 82' lang='lat' dir='ltr'><strong>aliter,</strong></span> <span class='ocrx_word' id='word_1_145' title='bbox 1123 3197 1313 3260; x_wconf 84' lang='lat' dir='ltr'><strong>quam</strong></span> <span class='ocrx_word' id='word_1_146' title='bbox 1344 3183 1529 3243; x_wconf 88' lang='lat' dir='ltr'><strong>modo</strong></span> <span class='ocrx_word' id='word_1_147' title='bbox 1558 3181 1744 3257; x_wconf 81' lang='lat' dir='ltr'><strong>sacta,</strong></span> <span class='ocrx_word' id='word_1_148' title='bbox 1777 3183 2012 3244; x_wconf 85' lang='lat' dir='ltr'><strong>dolent.</strong></span> 
     </span>
     <span class='ocr_line' id='line_1_26' title="bbox 312 3288 1721 3369; baseline -0.006 -12"><span class='ocrx_word' id='word_1_149' title='bbox 312 3291 573 3358; x_wconf 87' lang='lat' dir='ltr'><strong>Scilicet</strong></span> <span class='ocrx_word' id='word_1_150' title='bbox 600 3288 841 3369; x_wconf 76' lang='lat' dir='ltr'><strong>exiguis</strong></span> <span class='ocrx_word' id='word_1_151' title='bbox 868 3289 1126 3368; x_wconf 87' lang='lat' dir='ltr'><strong>prodest</strong></span> <span class='ocrx_word' id='word_1_152' title='bbox 1154 3304 1389 3350; x_wconf 85' lang='lat' dir='ltr'><strong>annosa</strong></span> <span class='ocrx_word' id='word_1_153' title='bbox 1422 3295 1721 3350; x_wconf 78' lang='lat' dir='ltr'><strong>vetustas:</strong></span> 
     </span>
     <span class='ocr_line' id='line_1_27' title="bbox 393 3393 1898 3473; baseline -0.004 -14"><span class='ocrx_word' id='word_1_154' title='bbox 393 3395 747 3459; x_wconf 85' lang='lat' dir='ltr'><strong>Grandibus</strong></span> <span class='ocrx_word' id='word_1_155' title='bbox 780 3395 1105 3458; x_wconf 84' lang='lat' dir='ltr'><strong>accedunt</strong></span> <span class='ocrx_word' id='word_1_156' title='bbox 1134 3405 1419 3473; x_wconf 84' lang='lat' dir='ltr'><strong>tempore</strong></span> <span class='ocrx_word' id='word_1_157' title='bbox 1454 3395 1678 3456; x_wconf 85' lang='lat' dir='ltr'><strong>damna</strong></span> <span class='ocrx_word' id='word_1_158' title='bbox 1703 3393 1898 3456; x_wconf 83' lang='lat' dir='ltr'><strong>malis.</strong></span> 
     </span>
     <span class='ocr_line' id='line_1_28' title="bbox 308 3501 1669 3572; baseline -0.004 -5"><span class='ocrx_word' id='word_1_159' title='bbox 308 3507 505 3572; x_wconf 81' lang='lat' dir='ltr'><strong>Paene</strong></span> <span class='ocrx_word' id='word_1_160' title='bbox 533 3504 755 3565; x_wconf 91' lang='lat' dir='ltr'><strong>decem</strong></span> <span class='ocrx_word' id='word_1_161' title='bbox 784 3502 931 3564; x_wconf 87' lang='lat' dir='ltr'><strong>totis</strong></span> <span class='ocrx_word' id='word_1_162' title='bbox 962 3502 1120 3564; x_wconf 83' lang='lat' dir='ltr'><strong>aluit</strong></span> <span class='ocrx_word' id='word_1_163' title='bbox 1149 3502 1462 3564; x_wconf 82' lang='lat' dir='ltr'><strong>Paeantius</strong></span> <span class='ocrx_word' id='word_1_164' title='bbox 1494 3501 1669 3562; x_wconf 83' lang='lat' dir='ltr'><strong>annis</strong></span> 
     </span>
     <span class='ocr_line' id='line_1_29' title="bbox 403 3610 1898 3690; baseline -0.002 -16"><span class='ocrx_word' id='word_1_165' title='bbox 403 3610 773 3674; x_wconf 86' lang='lat' dir='ltr'><strong>Pestiferum</strong></span> <span class='ocrx_word' id='word_1_166' title='bbox 804 3611 1044 3674; x_wconf 85' lang='lat' dir='ltr'><strong>tumido</strong></span> <span class='ocrx_word' id='word_1_167' title='bbox 1077 3611 1299 3672; x_wconf 81' lang='lat' dir='ltr'><strong>vulnus</strong></span> <span class='ocrx_word' id='word_1_168' title='bbox 1326 3612 1404 3672; x_wconf 90' lang='lat' dir='ltr'><strong>ab</strong></span> <span class='ocrx_word' id='word_1_169' title='bbox 1438 3626 1639 3690; x_wconf 82' lang='lat' dir='ltr'><strong>angue</strong></span> <span class='ocrx_word' id='word_1_170' title='bbox 1668 3611 1898 3671; x_wconf 87' lang='lat' dir='ltr'><strong>datum.</strong></span> 
     </span>
     <span class='ocr_line' id='line_1_30' title="bbox 314 3716 1834 3797; baseline -0.004 -14"><span class='ocrx_word' id='word_1_171' title='bbox 314 3721 365 3783; x_wconf 87' lang='grc' dir='ltr'>Τ</span> <span class='ocrx_word' id='word_1_172' title='bbox 393 3720 656 3797; x_wconf 86' lang='lat' dir='ltr'><strong>elephus</strong></span> <span class='ocrx_word' id='word_1_173' title='bbox 684 3728 919 3782; x_wconf 87' lang='lat' dir='ltr'><strong>aeterna</strong></span> <span class='ocrx_word' id='word_1_174' title='bbox 946 3729 1351 3796; x_wconf 85' lang='lat' dir='ltr'><strong>consumptus</strong></span> <span class='ocrx_word' id='word_1_175' title='bbox 1382 3720 1522 3780; x_wconf 87' lang='lat' dir='ltr'><strong>tabe</strong></span> <span class='ocrx_word' id='word_1_176' title='bbox 1551 3716 1834 3795; x_wconf 84' lang='lat' dir='ltr'><strong>perisset,</strong></span> 
     </span>
    </p>
   </div>
  </div>
 </body>
</html>
