3334 5175
1892 396 2139 457 ..69-

974 528 1095 589 Nec
1123 528 1277 598 leve,
1322 542 1438 587 nec
1469 535 1675 587 tutum
1701 537 1818 599 est,
1850 542 1975 604 quo
2007 526 2129 587 sint
2162 540 2298 587 mea
2328 525 2537 589 dicere
2566 542 2713 591 casn

1059 633 1312 695 Lumina
1339 632 1568 696 funesti
1597 632 1849 695 conscia
1876 633 2037 696 facta
2072 634 2234 695 mali.

975 744 1268 820 Mensque
1297 742 1679 816 reformidat,
1711 742 1897 805 veluti
1927 758 2038 804 sua
2072 744 2351 817 vulnera,
2384 754 2627 823 tempus

1056 852 1234 914 llludz
1265 862 1328 913 et
1361 850 1682 914 admonitu
1712 853 1781 914 fit
1808 868 2005 915 novus
2032 851 2402 931 ipse-dolor.

973 962 1048 1024 Et
1076 977 1485 1041 quaecumque
1513 962 1672 1023 adeo
1703 972 1965 1039 possunt
1993 962 2236 1024 adferre
2264 963 2591 1040 pudorem,

1061 1070 1166 1131 llla
1191 1069 1318 1149 tegi
1344 1086 1512 1131 caeca
1546 1068 1796 1133 condita
1824 1080 2009 1132 nocte
2038 1066 2239 1133 decet.

973 1176 1064 1237 Nil
1095 1175 1282 1255 igitur
1311 1176 1596 1250 referam,
1628 1175 1748 1238 nisi
1776 1192 1875 1238 me
1902 1192 2219 1255 peccasse3
2252 1176 2361 1237 sed
2396 1174 2503 1235 illo
2534 1164 2541 1170 “

1060 1284 1316 1347 Praemia
1343 1295 1602 1362 peccato
1631 1282 1800 1345 nulla
1832 1283 2024 1363 petita
2052 1282 2221 1344 mihi:

978 1389 1428 1467 Stultitiamque
1451 1405 1656 1450 meum
1688 1388 1921 1451 crimen
1952 1390 2179 1450 debere
2206 1388 2440 1461 vocari,

1058 1498 1313 1561 Nomina
1343 1498 1394 1561 si
1423 1499 1590 1559 facto
1615 1499 1877 1560 reddere
1918 1514 2063 1560 vera
2094 1498 2263 1559 velis.

979 1606 1126 1677 Quae
1153 1606 1206 1667 si
1234 1619 1360 1666 non
1387 1604 1472 1666 ita
1497 1615 1663 1679 sunt,
1695 1605 1903 1679 alium,
1934 1622 2058 1682 quo
2088 1604 2331 1683 longius
2360 1603 2576 1677 absim,

1062 1712 1301 1785 Quaere,
1333 1710 1688 1775 suburbana
1716 1712 1849 1773 haec
1880 1711 1959 1773 sit
1989 1710 2135 1773 mihi
2166 1721 2356 1785 terra,
2390 1711 2617 1773 locum.

1722 1927 2085 1983 mmm
2112 1928 2295 1983 vn.

982 2146 1146 2207 Vade
1174 2146 1523 2218 salutatum,
1563 2144 1771 2207 subito
1798 2142 2103 2223 p'erarata,
2137 2144 2416 2205 Perillam

1064 2249 1309 2324 Littera,
1338 2249 1640 2312 sermonis
1669 2249 1790 2311 fida
1824 2250 2100 2311 ministra
2128 2250 2268 2311 mei.

980 2356 1097 2417 Aut
1120 2356 1288 2417 illam
1315 2353 1589 2417 invenies
1618 2354 1783 2418 dulci
1812 2370 1956 2417 cum
1984 2366 2180 2417 matre
2208 2357 2552 2426 sedentem,

1065 2464 1184 2526 Aut
1210 2462 1370 2525 inter
1397 2464 1592 2526 libros
1621 2462 2013 2541 Pieridasque
2038 2480 2201 2525 suas.

981 2572 1284 2651 Quidquid
1311 2583 1474 2651 aget,
1501 2590 1643 2634 cum
1674 2582 1735 2634 te
1768 2571 1977 2634 scierit
2004 2573 2269 2647 venisse,
2302 2573 2633 2651 relinquet:

1065 2679 1186 2740 Nec
1215 2695 1412 2752 mora,
1439 2677 1587 2756 quid
1617 2678 1845 2751 veniaS,
1880 2678 2126 2755 quidve,
2154 2680 2447 2757 requiret,
2476 2696 2672 2760 agam.

981 2787 1194 2848 Vivere
1221 2803 1320 2847 me
1341 2787 1529 2848 dices:
1561 2787 1669 2849 sed
1696 2786 1806 2860 sic,
1841 2797 1909 2848 ut
1937 2786 2141 2848 vivere
2169 2787 2381 2848 nolim:

1063 2892 1185 2954 Nec
1213 2894 1372 2954 mala
1398 2904 1518 2955 tam
1546 2893 1731 2971 longa
1759 2904 1972 2954 nostra
2000 2893 2195 2954 levata
2225 2909 2421 2954 mora.

977 3001 1052 3061 Et
1074 3009 1278 3061 tamen
1305 3001 1382 3061 ad
1409 3000 1632 3072 MusaS,
1665 2999 1937 3077 quamvis
1966 3015 2258 3071 nocuere,
2293 3002 2538 3073 reverti,
2590 3076 2601 3091 ·

1063 3107 1339 3187 Aptaque
1362 3109 1422 3169 in
1457 3110 1726 3171 alternos
1754 3125 1981 3188 cogere
2009 3109 2195 3170 verba
2214 3110 2428 3187 pedes.
2483 3082 2695 3206 ΚΜ

981 3216 1068 3275 Tu
1093 3232 1362 3292 quoque,
1388 3215 1508 3289 dic,
1541 3216 1757 3278 studiis
1785 3214 2221 3277 communibus
2246 3216 2470 3292 ecquid
2498 3215 2787 3289 inhaereS‚

1065 3321 1375 3398 Doctaque
1403 3339 1527 3381 non
1556 3321 1753 3398 patrio
1782 3318 2053 3381 carmina
2082 3337 2255 3381 more
2284 3321 2482 3384 canis?

985 3431 1131 3490 Nam
1160 3432 1268 3492 tibi
1287 3447 1428 3490 cum
1455 3430 1606 3490 facie
1626 3447 1831 3492 mores
1858 3441 2075 3492 natura
2095 3431 2375 3510 pudicOS,

1072 3545 1146 3604 Et
1169 3559 1339 3604 raras
1369 3544 1544 3604 dotes
1573 3542 2013 3621 ingeniumque
2044 3544 2231 3605 dedit.

989 3649 1114 3710 Hoc
1137 3665 1252 3727 ego
1280 3648 1600 3727 Pegasidas
1621 3649 1849 3710 deduxi
1876 3649 2112 3728 primus
2140 3651 2219 3712 ad
2248 3652 2469 3722 undaS,

1069 3757 1153 3818 Ne
1180 3758 1337 3819 male
1364 3755 1646 3819 fecundae
1681 3773 1832 3818 vena
1862 3756 2092 3836 periret
2120 3773 2317 3836 aquae,
