3334 5175
1301 340 1500 407 ...9.·.

454 478 522 538 Hi
551 492 822 555 quoque,
855 474 1022 551 quod
1052 486 1236 532 nemo
1266 469 1489 543 nescit,
1520 486 1729 531 amare
1757 471 2004 533 docent.

372 585 496 644 Hos
521 593 588 643 tu
619 582 715 643 vel
743 578 963 658 fugias3
989 578 1108 649 vel,
1143 576 1196 639 si
1227 576 1374 637 satis
1405 575 1532 639 oris
1561 576 1840 650 habebis,

454 686 800 764 OEdipodas
827 684 1012 745 facito
1042 682 1511 760 Telegonosque
1539 699 1749 743 voces

370 794 578 870 Deque
603 791 800 854 tribus
823 806 1070 863 moneo,
1103 788 1156 850 si
1185 802 1306 866 qua
1335 798 1431 851 est
1461 788 1570 849 tibi
1599 804 1751 851 cura
1776 788 2077 867 parentis,

455 898 540 962 Ne
559 916 952 979 quemquam,
986 898 1260 976 quamvis
1288 898 1422 976 ipse
1451 898 1722 971 docebit,
1754 914 1944 959 ames

374 1011 528 1070 Sunt
553 1024 802 1085 quoque
829 1017 1078 1068 mutatae
1106 1016 1200 1069 ter
1229 1007 1501 1085 quinque
1527 1006 1841 1067 volumina
1868 1006 2111 1078 formae,

457 1120 662 1196 Nuper
687 1117 764 1177 ab
793 1117 1100 1194 exsequiis
1131 1117 1402 1179 carmina
1423 1128 1599 1194 rapta
1629 1117 1810 1179 meis:

377 1223 478 1285 His
507 1225 730 1285 mando
759 1222 952 1296 dicas,
983 1222 1145 1285 inter
1173 1234 1404 1285 mutata
1433 1223 1656 1285 referri

457 1332 746 1391 Fortunae
774 1331 1008 1391 vultum
1038 1346 1306 1407 corpora
1333 1346 1520 1406 posse
1555 1347 1733 1391 meae.

378 1436 650 1513 Namque
679 1453 750 1497 ea
779 1436 1086 1497 dissimilis
1115 1435 1322 1497 subito
1351 1446 1445 1497 est
1473 1435 1695 1497 effecta
1727 1435 1942 1514 priori:

457 1545 805 1621 Flendaque
835 1559 1024 1615 nunc,
1057 1542 1266 1620 aliquo
1295 1553 1576 1621 tempore
1605 1543 1749 1603 laeta
1776 1542 1911 1603 fuit.

383 1652 562 1712 Plura
592 1652 834 1729 quidem
863 1652 1156 1713 mandare
1186 1651 1314 1724 tibi,
1349 1650 1400 1713 si
1429 1650 1679 1729 quaeris,
1711 1650 2036 1723 habebam:

475 1758 594 1819 Sed
623 1774 840 1826 vereor
867 1758 1060 1820 turdae
1089 1772 1272 1818 causa
1299 1756 1490 1819 fuisse
1519 1774 1732 1819 morae.

381 1864 556 1933 Quod
584 1862 634 1923 si
665 1879 804 1939 quae-
834 1864 1121 1935 subeunt,
1153 1874 1380 1936 tecum,
1413 1862 1591 1936 liber,
1625 1862 1829 1925 omnia
1858 1862 2075 1936 ferres,

471 1968 720 2031 Sarcina
748 1971 949 2030 laturo
978 1986 1198 2049 magna
1227 1970 1474 2033 futurus
1501 1988 1662 2033 eras.

381 2077 586 2156 Longa
613 2077 708 2138 via
733 2088 848 2151 est;
881 2096 1170 2156 propera:
1209 2078 1386 2139 nobis
1413 2078 1788 2141 habitabitur
1820 2077 1987 2139 orbis

465 2185 743 2262 Ultimus,
776 2205 813 2247 a
839 2199 1004 2250 terra
1030 2199 1196 2249 terra
1224 2196 1460 2247 remota
1488 2202 1643 2247 mea.

1047 2380 1412 2459 mnan
1453 2402 1570 2459 11.

385 2617 454 2678 m
483 2615 670 2680 maris
702 2627 763 2678 et
792 2616 934 2677 coeli
965 2613 1132 2694 (quid
1159 2615 1324 2676 enim
1353 2613 1469 2676 nisi
1497 2625 1638 2678 vota
1667 2615 2051 2692 supersunti)

475 2729 725 2790 Solvere
754 2736 1058 2803 quassatae
1083 2725 1318 2804 parcite
1343 2725 1620 2787 membra
1647 2723 1820 2787 ratis:

397 2836 579 2909 Neve,
610 2851 857 2913 precor,
890 2831 1096 2910 magni
1119 2831 1488 2893 subscribite
1513 2831 1771 2894 Caesaris
1800 2830 1933 2894 irae:

463 2947 650 3022 Soepe
679 2951 1000 3022 premente
1029 2943 1148 3003 deo
1178 2941 1297 3002 sert
1325 2941 1478 3002 deus
1507 2941 1664 3002 alter
1706 2956 1911 3018 opem.

385 3047 680 3112 Mulciber
713 3051 776 3111 in
807 3051 1085 3127 Trojam,
1119 3067 1237 3127 pro
1264 3049 1444 3127 'froja
1473 3051 1675 3112 stabat
1700 3049 1943 3128 Apollo:

475 3160 669 3234 AEqua
693 3160 894 3220 Venus
921 3156 1198 3230 Teucris,
1230 3157 1428 3218 Pallas
1455 3156 1662 3232 iniqua
1690 3155 1823 3216 fuit.

396 3268 616 3328 Oderat
640 3267 710 3326 AE
719 3283 906 3341 nean,
939 3265 1204 3344 propior
1230 3263 1512 3326 Saturnia
1540 3264 1774 3324 Turno:

481 3373 586 3433 Ille
614 3384 818 3435 tamen
846 3372 1096 3434 Veneris
1125 3371 1376 3434 numine
1404 3381 1574 3434 tutus
1604 3380 1758 3432 erat.

385 3480 562 3557 Saepe
589 3479 765 3539 ferox
793 3489 1041 3540 cautum
1068 3477 1244 3555 petiit
1269 3477 1586 3554 Neptunus
1614 3475 1915 3552 Ulyssem:

470 3586 705 3664 Eripuit
731 3597 956 3665 patruo
983 3603 1150 3665 saepe
1175 3587 1442 3648 Minerva
1469 3603 1608 3647 suo.

401 3693 473 3752 Et
502 3693 678 3755 nobis
708 3694 974 3772 aliquod,
1009 3694 1280 3772 quamvis
1309 3693 1606 3757 distamus
1635 3695 1713 3754 ab
1745 3692 1889 3766 illis,
