3334 5175
1786 377 2031 441 ..54-

956 489 1167 575 Nullus
1194 508 1515 589 Apollinea
1550 507 1655 587 qui
1688 510 1851 572 levet
1879 520 2014 573 arte
2042 510 2281 574 malum
2299 556 2317 570 .

873 622 1006 684 Non
1037 619 1144 698 qui
1169 620 1426 692 soletur,
1462 636 1589 680 non
1617 618 1727 698 qui
1754 618 2022 681 labentia
2055 620 2232 681 tarde

959 728 1260 805 Tempora
1300 727 1610 787 narrando
1639 723 1831 799 fallat,
1866 724 2101 785 amicus
2130 725 2331 786 adest,

879 832 1100 897 Lassus
1137 833 1200 894 in
1226 833 1518 895 extremis
1540 833 1722 909 jaceo
1751 832 2119 911 populisque
2157 830 2461 909 locisquez

964 944 1038 1005 Et
1063 941 1229 1005 subit
1255 942 1498 1004 adfecto
1527 956 1694 1002 nunc
1724 940 1871 1001 mihi
1898 939 2195 1017 quidquid
2216 940 2411 1000 abest.

878 1047 1086 1112 Omnia
1115 1066 1258 1110 eum
1285 1050 1567 1122 subeant,
1601 1048 1796 1109 vincis
1824 1057 2029 1110 tamen
2065 1047 2295 1120 omnia,
2340 1046 2599 1124 conjnx,

963 1156 1040 1218 Et
1064 1156 1206 1234 plus
1233 1156 1298 1216 in
1327 1166 1543 1217 nostro
1572 1165 1827 1233 pectore
1868 1163 2045 1233 parte
2078 1164 2275 1215 teneS.

883 1264 966 1324 Te
999 1263 1226 1340 loquor
1253 1264 1593 1335 absentem
1631 1272 1695 1323 te
1723 1276 1846 1323 vox
1874 1276 2010 1323 mea
2038 1262 2313 1323 nominat
2338 1277 2553 1324 unam:

964 1368 1140 1430 Nulla
1166 1368 1334 1429 venit
1361 1368 1494 1430 sine
1523 1378 1585 1429 te
1624 1385 1751 1427 nox
1778 1367 1950 1441 mihi,
1983 1369 2151 1427 nulla
2182 1367 2335 1429 dies.

882 1475 1034 1548 Quin
1063 1476 1246 1538 etiam
1275 1474 1364 1536 sic
1393 1492 1491 1547 me
1521 1474 1736 1537 dicunt
1762 1474 1960 1536 aliena
1991 1476 2293 1548 locutum,

967 1584 1045 1646 Ut
1071 1584 1232 1645 soret
1260 1583 1519 1644 amentis
1553 1599 1781 1643 nomen
1820 1582 1883 1641 in
1917 1598 2029 1644 ore
2054 1593 2251 1643 tuum.

893 1688 954 1750 Si
975 1689 1106 1766 jam
1133 1688 1431 1763 deficiam,
1467 1704 1923 1767 suppressaque
1956 1687 2167 1766 lingua
2198 1689 2407 1765 palato

976 1796 1091 1859 Vix
1115 1796 1407 1858 instillato
1431 1795 1810 1858 restituenda
1839 1812 2035 1869 mero;

885 1904 1130 1967 Nuntiet
1155 1905 1276 1965 huc
1305 1903 1522 1981 aliquis
1551 1904 1861 1965 dominam
1887 1902 2153 1976 venisse,
2186 1918 2535 1982 resurgam:

965 2012 1241 2089 Spesque
1269 2010 1356 2070 tui
1386 2010 1565 2071 nobis
1595 2027 1779 2071 causa
1806 2009 2035 2088 vigoris
2072 2008 2209 2070 erit.

881 2122 1042 2199 Ergo
1070 2136 1186 2197 ego
1215 2134 1352 2179 sum
1385 2117 1526 2179 vitae
1555 2119 1803 2180 dubius:
1834 2129 1903 2180 tu
1933 2118 2189 2180 forsitan
2218 2118 2349 2179 illic

987 2227 1334 2288 iucundum
1361 2224 1559 2286 nostri
1585 2226 1795 2287 nescia
1822 2236 2067 2304 tempus
2096 2226 2256 2305 agis?

895 2339 1030 2401 Non
1059 2338 1212 2416 θεὶς,
1245 2338 1507 2400 affirmo:
1537 2336 1733 2413 liquet
1758 2338 1902 2411 hoc,
1935 2335 2272 2409 carissima,
2308 2336 2516 2410 nobiS,

971 2445 1238 2521 Tempus
1267 2442 1366 2521 agi
1405 2441 1536 2503 sine
1567 2459 1666 2503 me
1695 2460 1822 2503 non
1850 2442 1969 2504 nisi
1996 2442 2172 2504 triste
2201 2442 2331 2503 tibi.

891 2552 957 2617 Si
979 2564 1184 2616 tamen
1211 2552 1483 2631 implevit
1510 2568 1645 2612 mea
1676 2569 1813 2613 sors
1843 2569 2004 2629 quos
2032 2552 2243 2615 debuit
2270 2568 2487 2626 annm,

984 2661 1058 2720 Et
1085 2658 1232 2719 mihi
1259 2657 1498 2719 vivendi
1527 2667 1651 2718 tam
1682 2658 1805 2718 cito
1828 2658 1967 2718 finis
1996 2659 2192 2730 adest;

892 2767 1194 2838 Quantum
1218 2775 1370 2838 erat,
1404 2781 1443 2825 o
1471 2765 1698 2842 magni,
1731 2765 2008 2843 perituro
2044 2783 2323 2844 parcere,
2362 2765 2504 2838 divi,

978 2877 1056 2938 Ut
1085 2876 1299 2936 saltem
1328 2872 1525 2952 patria
1553 2876 2016 2936 contumularer
2044 2875 2256 2936 humo!

894 2984 1002 3044 Vel
1036 2999 1222 3062 poena
1249 2981 1311 3041 in
1347 2982 1562 3042 mortis
1595 2991 1840 3061 tempus
1870 2983 2055 3043 dilata
2086 2983 2326 3054 fuisset,

978 3094 1086 3153 Vel
1109 3091 1510 3170 praecepisset
1539 3107 1710 3153 mors
1739 3103 2069 3171 properata
2107 3093 2336 3170 fugam.

894 3200 1136 3280 Integer
1162 3201 1320 3260 hanc
1347 3198 1521 3277 potui
1549 3216 1749 3278 nuper
1774 3201 1934 3261 bene
1963 3200 2223 3261 reddere
2250 3200 2481 3260 lucem:

974 3307 1162 3368 Exsul
1191 3316 1260 3367 ut
1287 3305 1655 3377 occiderem,
1688 3321 1853 3365 nunc
1884 3305 2029 3365 mihi
2056 3305 2178 3364 vita
2206 3305 2347 3366 data
2377 3315 2501 3367 est.

897 3412 1045 3472 Tam
1073 3413 1293 3491 procul
1318 3410 1544 3489 ignotis
1565 3409 1753 3488 igitur
1781 3408 2121 3470 moriemur
2138 3409 2203 3469 in
2234 3409 2385 3485 oriS,

983 3517 1058 3578 Et
1090 3517 1237 3578 fient
1263 3516 1399 3595 ipso
1427 3517 1622 3580 tristia
1650 3518 1775 3579 fata
1810 3517 1981 3578 loco?
2034 3513 2099 3603 Q«,
2122 3504 2260 3584 siis*

899 3622 1021 3683 Nec
1048 3638 1184 3683 mea
1211 3635 1508 3686 consueto
1537 3626 1942 3702 languescent
1972 3641 2239 3702 corpora
2268 3624 2463 3686 lecto?

979 3729 1332 3808 Depositum
1359 3747 1476 3792 nec
1505 3747 1603 3794 me
1631 3730 1738 3808 qui
1766 3731 1908 3790 fleat
1937 3731 2098 3791 ullus
2126 3729 2273 3793 erit?
