3334 5175
1264 362 1505 420 *93-

1064 604 1428 663 ELEGIA
1470 608 1695 665 vlu.

344 814 477 878 Jam
506 834 638 878 mea
666 832 925 895 cycneas
952 816 1267 881 imitantur
1294 830 1576 899 tempora
1604 822 1850 901 plumas
1873 868 1888 896 ,

434 926 625 987 Inficit
653 936 714 987 et
746 925 953 1005 nigras
982 928 1119 989 alba
1144 938 1395 997 senecta
1422 943 1659 991 comas:

348 1034 483 1094 Jam
512 1034 778 1095 subeunt
797 1032 941 1094 anni
960 1034 1228 1113 fragileS,
1249 1046 1311 1097 et
1335 1036 1599 1110 inertior
1630 1030 1818 1099 ae'tasz'

429 1138 680 1216 Jamque
720 1156 939 1218 parum
966 1140 1142 1201 firmo
1172 1158 1269 1203 me
1302 1142 1449 1203 mihi
1475 1142 1638 1204 ferre
1656 1151 1844 1221 grave
1875 1155 1996 1206 est.

352 1243 521 1305 Nunc
538 1254 688 1317 erat,
722 1253 791 1305 ut
816 1244 1021 1323 posito
1042 1246 1331 1309 deberem
1360 1247 1481 1308 fine
1510 1250 1810 1311 laborum

444 1349 678 1423 Vivere,
710 1368 809 1411 me
835 1352 1007 1412 nullo
1037 1353 1407 1414 sollicitante
1424 1365 1617 1427 metu,

352 1457 621 1535 Quaeque
646 1474 801 1518 meae
830 1475 1074 1535 semper
1100 1460 1469 1535 placuerunt
1498 1460 1622 1520 otia
1660 1462 1875 1534 menti,

439 1569 727 1646 Carpere,
761 1570 911 1630 etin
940 1568 1156 1631 studiis
1184 1558 1452 1631 molliter
1479 1586 1617 1631 esse
1654 1570 1832 1632 meis:

353 1679 425 1739 Et
454 1694 705 1758 parva-m
732 1678 1043 1739 celebrare
1072 1679 1344 1749 domum,
1369 1686 1732 1756 veteresque
1750 1680 2029 1753 Penates»,

440 1784 515 1843 Et
547 1800 689 1859 quae
715 1800 881 1845 nunc
902 1782 1151 1845 domino
1182 1798 1328 1844 rura
1358 1793 1615 1861 paterna
1646 1792 1882 1845 carent:

352 1890 543 1966 Inque
572 1889 708 1950 sinu
736 1890 1023 1965 dominae,
1054 1890 1337 1967 carisque
1366 1890 1721 1967 nepotibus,
1767 1892 1954 1967 inque

434 1997 699 2057 Securus
730 1997 925 2074 patria
954 1996 1354 2059 consenuisse
1386 2011 1545 2057 mea.

352 2103 496 2162 Haec
523 2118 658 2163 mea
684 2102 771 2163 sic
796 2102 1107 2178 quondam
1137 2101 1349 2179 peragi
1386 2111 1746 2177 speraverat
1775 2111 1950 2161 aetas:

438 2208 559 2269 Hos
596 2225 713 2286 ego
735 2206 824 2269 sic
852 2222 1049 2267 annos
1078 2212 1313 2283 ponere
1338 2204 1565 2284 dignus
1598 2220 1794 2265 eram.

354 2313 485 2374 Non
515 2316 601 2377 ita
633 2314 735 2377 Dis
764 2314 983 2375 visum:
1026 2311 1129 2389 qui
1158 2320 1258 2373 me
1286 2312 1575 2390 terraque
1604 2313 1882 2391 marique

438 2420 680 2493 Actum,
714 2417 1068 2481 Sarmaticis
1094 2425 1447 2496 exposuere
1475 2415 1653 2479 locis.

354 2530 421 2590 ln
467 2544 618 2591 cava
660 2529 973 2592 ducuntur
1006 2544 1255 2606 quassae
1282 2526 1515 2589 navalia
1543 2540 1810 2606 puppes,

437 2639 523 2698 Ne
555 2649 785 2700 temere
810 2637 873 2698 in
908 2637 1124 2700 mediis
1146 2637 1558 2700 destituantur
1586 2637 1786 2714 aquls.

352 2747 437 2808 Ne
466 2748 663 2821 cadat,
695 2758 758 2809 et
786 2748 1006 2808 multas
1034 2748 1269 2826 palmas
1298 2743 1650 2808 inhonestet
1679 2747 1978 2824 adeptas»,

438 2854 787 2933 Languidus
816 2854 879 2913 in
911 2854 1105 2931 pratis
1133 2853 1409 2930 gramina
1438 2851 1637 2930 carpit
1666 2865 1885 2930 equus,

355 2963 546 3034 Miles,
576 2973 645 3023 ut
681 2961 953 3023 emeritis
980 2978 1103 3021 non
1126 2971 1221 3022 est
1260 2961 1409 3022 satis
1438 2961 1603 3022 utilis
1640 2961 1844 3033 annis,

438 3068 615 3132 Ponit
651 3069 729 3129 ad
759 3067 1067 3144 antiquoS‚
1112 3083 1252 3143 quae
1279 3067 1417 3127 tulit
1448 3083 1641 3138 arma,
1677 3070 1864 3131 lares,

354 3176 455 3238 Sic
484 3173 671 3253 igitur
698 3172 873 3234 tarda
901 3169 1061 3230 vires
1091 3169 1405 3230 minuente
1435 3180 1720 3242 senecta,

440 3283 533 3343 Me
553 3297 800 3360 quoque
828 3278 1043 3341 donari
1065 3278 1195 3356 jam
1226 3279 1401 3352 rude,
1438 3287 1684 3356 tempus
1715 3287 1871 3340 erat.

359 3393 624 3467 Tempus
654 3395 808 3459 erat,
840 3403 954 3447 nec
989 3403 1087 3446 me
1115 3384 1511 3464 peregrinum
1542 3385 1772 3447 ducere
1803 3384 2057 3458 coelum,

444 3498 569 3564 Nec
598 3495 824 3558 siccam
852 3495 1060 3558 Getico
1090 3494 1262 3556 fonte
1281 3485 1486 3554 levare
1526 3494 1713 3555 sitim:

360 3605 487 3666 Sed
520 3603 729 3676 modo,
768 3618 928 3681 quos
957 3600 1165 3674 habui,
1200 3614 1457 3664 vacuum
1488 3602 1780 3662 secedere
1807 3601 1870 3662 in
1902 3603 2140 3662 hortos:

453 3711 624 3777 Nunc
652 3711 970 3775 hominum
1000 3709 1139 3771 visu
1169 3727 1385 3772 rursus
1415 3721 1477 3772 et
1516 3711 1671 3772 urbe
1704 3709 1851 3770 frui.
2079 3797 2109 3862 1

2125 3798 2170 3862 2
