3334 5175
1801 358 2043 415 „52—

971 494 1136 565 Quos
1163 508 1314 553 suus
1343 499 1586 567 optaret
1620 502 1747 546 non
1776 484 2065 563 genuisse
2092 500 2342 563 parens.

891 599 1278 671 Quaerentem
1307 595 1559 667 frustra,
1591 602 1805 655 custos
1834 608 1933 653 me
1962 590 2213 653 sedibus
2240 590 2362 651 iilis

967 701 1347 780 Praepositus
1375 711 1592 763 sancto
1616 698 1805 777 ,iussit
1838 698 2009 760 abire
2038 699 2204 759 loco.

886 809 1092 871 Altera
1119 810 1346 886 templa
1373 818 1520 886 peto
1547 806 1751 867 vicino
1765 806 1985 882 juncta
2016 805 2287 865 theatrot

970 912 1112 978 Haec
1141 931 1390 992 quoque
1418 922 1594 974 erant
1619 911 1885 991 pedihus
1911 928 2037 971 non
2066 910 2347 972 adeunda
2374 906 2559 969 meis.

890 1022 1011 1085 Nec
1039 1039 1160 1096 me,
1193 1039 1332 1101 quae
1357 1021 1560 1084 doctis
1587 1030 1925 1099 patuerunt
1950 1019 2149 1097 prima
2176 1016 2423 1088 libellis,

968 1129 1134 1191 Atria
1161 1129 1433 1190 Libertas
1461 1138 1716 1207 tangere
1744 1144 1927 1205 passa
1954 1142 2067 1188 sua
2094 1135 2212 1186 est.

889 1236 954 1295 ln
983 1252 1180 1315 genus
1205 1234 1478 1296 auctoris
1505 1233 1715 1295 miseri
1742 1234 1989 1294 fortuna
2018 1232 2347 1303 redundat,

974 1344 1049 1404 Et
1077 1342 1343 1420 patimur
1369 1340 1497 1402 nati
1527 1356 1712 1417 quam
1738 1340 1877 1401 tulit
1904 1338 2037 1417 ipse
2065 1338 2297 1416 fugam.

889 1448 1164 1510 Forsitan
1193 1458 1254 1509 et
1283 1446 1461 1509 nobis
1489 1447 1636 1508 olim
1663 1445 1866 1507 minus
1894 1462 2099 1523 asper,
2132 1454 2195 1505 et
2224 1443 2310 1503 illi

971 1556 1216 1618 Evictus
1243 1558 1434 1634 longo
1461 1566 1743 1633 tempore
1770 1554 1975 1616 Caesar
2004 1552 2145 1615 erit.

892 1664 960 1725 Di
987 1681 1233 1743 precor,
1265 1673 1449 1741 atque
1469 1664 1647 1735 adeo,
1681 1680 1883 1739 neque
1912 1661 2075 1723 enim
2104 1661 2251 1722 mihi
2278 1661 2459 1723 turba
2486 1662 2766 1739 roganda
2796 1669 2914 1733 est,

975 1770 1200 1840 Caesar,
1231 1770 1379 1831 ades
1405 1779 1577 1842 voto,
1607 1768 1873 1829 maxime
1898 1768 2059 1841 dive,
2092 1766 2255 1829 meo!

895 1878 1157 1949 Interea,
1189 1876 1375 1938 statio
1405 1876 1695 1953 quoniam
1724 1875 1871 1936 mihi
1898 1874 2146 1955 publica
2174 1874 2385 1936 clausa
2414 1885 2531 1947 est,

977 1985 1216 2048 Privato
1244 1986 1425 2047 liceat
1453 1985 1765 2048 delituisse
1793 1987 1958 2049 loce.
2040 1971 2246 2067 MA„
2742 1962 2785 2030 θ

894 2095 1016 2156 Vos
1045 2112 1314 2176 quoque,
1345 2094 1396 2156 si
1422 2094 1514 2156 fas
1543 2106 1659 2169 est,
1692 2096 1948 2156 confusa
1974 2096 2215 2173 pudore
2247 2095 2515 2173 repulsae

977 2198 1230 2273 Sumite,
1261 2201 1543 2279 plebeiae,
1575 2200 1849 2262 carmina
1872 2210 2109 2273 nostra,
2142 2216 2384 2262 manus.

1571 2422 1923 2479 Elatum
1964 2425 2079 2478 11.

892 2633 1054 2710 Ergo
1082 2642 1216 2693 erat
1242 2631 1304 2691 in
1332 2630 1472 2692 fatis
1499 2631 1808 2708 Scythiam
1838 2647 2087 2710 quoque
2112 2633 2313 2694 visere
2342 2636 2595 2708 nostris,

976 2739 1246 2816 Quaeque
1273 2737 1576 2816 Lycaonio
1605 2748 1771 2799 terra
1800 2739 1917 2800 sub
1945 2755 2061 2799 axe
2081 2739 2277 2815 jacet?

895 2845 1016 2908 Nec
1045 2862 1180 2919 voS,
1211 2843 1504 2918 PierideS,
1537 2861 1652 2906 nec
1682 2845 1871 2923 stirps
1899 2845 2171 2920 Latonia,
2204 2857 2411 2908 vestro

975 2957 1190 3027 Docta,
1223 2954 1551 3028 sacerdoti,
1585 2957 1789 3028 turba,
1823 2953 2048 3016 tulistis
2077 2957 2289 3034 opem?

891 3064 1012 3126 Nec
1041 3064 1189 3125 mihi
1217 3066 1385 3142 quod
1412 3065 1532 3126 lusi
1562 3081 1710 3125 vero
1742 3065 1875 3126 sine
1907 3065 2163 3127 crimine
2191 3068 2471 3145 prodest,

977 3173 1272 3251 Quodque
1299 3172 1492 3251 magis
1521 3173 1642 3233 vita
1667 3173 1839 3234 Musa
1859 3174 2079 3249 jocosa
2106 3191 2242 3236 mea
2270 3186 2386 3236 est.

897 3280 1158 3340 Plurima
1187 3281 1296 3340 sed
1323 3281 1544 3357 pelago
1569 3289 1861 3356 terraque
1884 3279 2157 3357 pericula
2186 3297 2435 3358 passum

976 3387 1160 3447 Ustus
1187 3386 1264 3446 ab
1293 3386 1550 3447 adsiduo
1578 3386 1811 3464 frigore
1838 3387 2067 3448 Pontus
2097 3388 2301 3450 habet.
2358 3300 2639 3521 w

897 3492 1128 3568 Quique
1154 3493 1340 3570 fugax
1368 3511 1574 3555 rerum
1597 3511 1937 3575 securaque
1965 3496 2027 3557 in
2060 3495 2183 3558 otia
2210 3508 2413 3572 natus,

977 3597 1174 3659 Mollis
1201 3609 1264 3660 et
1289 3599 1612 3678 impatiens
1639 3614 1783 3665 ante
1811 3604 2041 3666 laboris
2070 3621 2261 3679 eram,

895 3705 1113 3770 Ultima
1141 3724 1306 3768 nunc
1333 3709 1554 3788 patior;
1589 3729 1705 3774 nec
1734 3728 1832 3773 me
1860 3728 2028 3774 mare
2056 3717 2361 3792 portubus
2390 3715 2609 3777 orbum
