3334 5175
1277 394 1522 464 ...59-

443 528 675 601 Absim‚
706 544 818 589 vos
845 529 1050 589 animo
1092 544 1336 609 semper
1364 533 1581 595 adesse
1613 548 1777 595 meo.

364 636 440 696 Et
464 651 648 712 quam
675 634 936 711 quisque
962 647 1188 713 potest,
1219 638 1422 715 aliqua
1451 641 1608 701 mala
1635 650 1848 703 nostra
1877 641 2097 702 levate:

450 742 656 804 Fidam
685 743 963 819 projecto
989 762 1143 806 neve
1173 758 1396 824 negate
1425 764 1699 809 manum.

366 849 668 927 Prospera
692 848 781 910 sic
807 849 982 911 vobis
1009 862 1249 913 maneat
1277 852 1550 927 fortuna,
1588 872 1707 917 nec
1741 872 2015 933 unquam

454 954 728 1015 contacti
757 954 936 1015 simili
965 968 1134 1017 sorte
1174 958 1406 1035 rogetis
1435 960 1644 1037 opem!

1115 1182 1478 1239 EDEGIA
1505 1184 1598 1237 V.

372 1390 528 1450 Usus
554 1388 838 1449 amicitiae
859 1394 1072 1451 'tecum
1099 1391 1246 1451 mihi
1274 1408 1525 1471 parvm,
1561 1404 1632 1455 ut
1659 1394 1829 1454 illam

453 1497 584 1558 Non
613 1513 780 1575 aegre
805 1515 1023 1577 posses
1051 1499 1460 1573 dissimulare,
1493 1500 1633 1562 fuit:

371 1604 441 1664 Ni
468 1622 566 1665 me
595 1606 952 1683 complexus
977 1605 1194 1669 vinclis
1221 1608 1618 1686 propioribus
1647 1626 1846 1682 esses3

458 1714 616 1773 Nave
643 1730 778 1775 mea
803 1725 987 1776 vento
1011 1714 1222 1777 forsan
1251 1728 1440 1777 eunte
1469 1734 1607 1779 suo.

376 1819 453 1881 Ut
480 1819 696 1893 cecidi,
726 1822 1054 1899 cunctique
1082 1834 1248 1884 metu
1279 1820 1494 1902 sugere
1525 1823 1749 1897 ruinae,

465 1927 772 2004 versaque
799 1928 1080 1989 amicitiae
1121 1938 1291 2007 terga
1315 1929 1547 1991 dedere
1575 1946 1754 2002 meae3

378 2032 576 2095 Ausus
600 2051 668 2095 es
694 2034 834 2111 igne
860 2034 1022 2095 lovis
1050 2050 1414 2113 percussum
1443 2047 1699 2113 tangere
1726 2052 1980 2115 corpus,

461 2140 534 2200 Et
559 2140 896 2218 deploratae
923 2139 1110 2199 limen
1138 2139 1307 2201 adire
1336 2141 1584 2201 domus.

381 2248 570 2324 quue
595 2263 812 2308 recens
839 2258 1122 2325 praestas,
1155 2264 1270 2309 nec
1301 2248 1488 2325 longo
1517 2247 1803 2326 cognitus
1832 2267 1973 2321 usu,

464 2353 636 2425 Quod
661 2363 938 2415 veterum
967 2353 1191 2415 misero
1219 2352 1321 2414 vix
1351 2355 1476 2415 duo
1507 2364 1709 2415 tresve
1738 2355 1907 2416 mihi.

385 2461 514 2523 Vidi
541 2479 657 2539 ego
685 2461 976 2523 confusos
1011 2462 1240 2534 vultuS,
1274 2460 1565 2538 visosque
1586 2462 1817 2537 notavi,

469 2570 662 2644 osque
690 2568 943 2630 madens
972 2568 1143 2642 fletu,
1174 2566 1584 2647 pallidiusque
1615 2586 1779 2650 meo:

385 2676 460 2736 Et
486 2676 784 2753 lacrymas
812 2691 1074 2737 cernens
1103 2676 1164 2736 in
1193 2675 1434 2756 singula
1459 2678 1647 2739 verba
1676 2677 1997 2751 cadentes,

466 2783 583 2842 Ore
610 2800 749 2843 meo
775 2784 1098 2863 lacrymas,
1132 2785 1386 2846 auribus
1413 2785 1516 2846 illa
1543 2785 1697 2847 bibi:

395 2891 770 2968 Brachiaque
795 2891 1008 2971 accepi
1029 2903 1255 2955 moesto
1284 2893 1616 2972 pendentia
1641 2895 1832 2967 collo,

471 3002 545 3062 Et
572 3001 916 3080 singultatis
945 3003 1158 3063 oscula
1185 3002 1368 3064 mista
1397 3002 1592 3064 sonis.

386 3113 530 3172 Sum
556 3127 826 3187 quoque,
855 3125 1021 3182 care,
1054 3110 1174 3170 tuis
1202 3109 1494 3170 defensus
1521 3108 1755 3170 viribus
1784 3111 2035 3171 absens:

397 3275 402 3278 .
478 3220 607 3280 Scis
637 3235 850 3281 carum
876 3218 1004 3280 veri
1032 3216 1296 3279 nominis
1326 3234 1466 3279 esse
1491 3218 1659 3278 loco.

389 3327 694 3404 Multaque
723 3335 1024 3405 praeterea
1047 3323 1350 3386 manifesti
1371 3323 1546 3404 signa
1571 3321 1802 3385 favoris

477 3434 838 3495 Pectoribus
855 3444 1042 3496 teneo
1071 3451 1197 3494 non
1225 3433 1466 3510 abitura
1482 3432 1659 3494 meis.

405 3537 477 3599 Di
505 3536 610 3598 tivi
638 3555 824 3616 posse
865 3548 1007 3598 tuos
1035 3537 1309 3598 tribuant
1337 3535 1668 3598 defendere
1696 3554 1966 3616 semper,

487 3641 652 3713 Quos
679 3643 742 3702 in
764 3641 1018 3703 materia
1046 3639 1445 3719 prosperiore
1465 3641 1674 3717 juves!

419 3748 489 3812 Si·
508 3757 715 3809 tamen
737 3747 970 3808 interea
998 3746 1146 3826 quid
1187 3746 1249 3808 in
1277 3747 1372 3810 his
1403 3764 1521 3828 ego
1556 3749 1837 3828 perditus
1868 3750 2016 3824 oris,
