3334 5175
1747 351 1994 409 ...94-

832 487 953 559 Sic,
984 487 1187 547 animo
1218 486 1528 562 quondam
1558 501 1684 545 non
1720 485 2027 547 divinante
2058 484 2274 546 futura

915 595 1207 673 Optabam
1235 594 1472 672 placide
1500 592 1703 655 vivere
1727 609 1914 671 posse
1970 610 2185 655 senex.

834 702 977 761 Fata
1003 710 1447 779 repugnarunt,
1476 716 1640 777 quae,
1674 717 1817 761 cum
1848 699 1994 759 mihi
2025 710 2304 775 tempora
2349 697 2548 776 prima

918 805 1118 866 Mollia
1146 805 1547 883 praebuerint,
1582 805 1930 885 posteriora
1959 813 2242 885 gravant.

831 911 1085 989 Jamque
1105 912 1318 972 decem
1343 910 1556 972 lustris
1584 910 1754 971 omni
1781 909 1916 971 sine
1941 910 2082 974 labe
2111 908 2405 988 peractiS‚

920 1020 1099 1080 Parte
1124 1033 1375 1095 premor
1403 1016 1542 1079 vitoe
1563 1016 1872 1079 deteriore
1901 1032 2083 1077 meae.

834 1125 953 1185 Nec
982 1124 1202 1204 procul
1230 1141 1265 1185 a
1290 1122 1489 1197 metis,
1523 1141 1676 1201 quas
1709 1138 1892 1202 paene
1916 1134 2132 1185 tenere
2159 1122 2440 1193 videbar,

922 1233 1243 1295 Curriculo
1273 1233 1473 1313 gravis
1503 1244 1597 1295 est
1626 1233 1785 1295 facta
1815 1232 1995 1294 ruina
2027 1248 2192 1295 meo.

841 1343 1003 1421 Ergo
1024 1341 1194 1403 illum
1236 1344 1488 1404 demens
1518 1342 1581 1402 in
1614 1358 1716 1403 me
1743 1342 1963 1403 saevire
1991 1340 2198 1419 coegi,

920 1447 1121 1509 Mitius
1138 1448 1459 1511 inmensus
1482 1466 1609 1525 quo
1628 1447 1778 1507 nihil
1807 1448 1972 1509 orbis
1995 1447 2209 1507 habet?

840 1556 1098 1632 Ipsaque
1124 1553 1362 1615 delictis
1388 1553 1547 1615 victa
1576 1564 1672 1615 est
1705 1551 2032 1614 clementia
2061 1551 2322 1613 nostris:

918 1659 1043 1719 Nec
1064 1668 1265 1719 tamen
1292 1656 1490 1719 errori
1520 1656 1639 1719 vita
1668 1668 1893 1735 negata
1930 1658 2105 1720 meo?

852 1764 983 1827 Vita
1018 1766 1239 1843 procul
1284 1763 1479 1844 patria
1506 1764 1858 1843 peragenda
1887 1764 2004 1825 suh
2033 1780 2150 1825 axe
2170 1764 2395 1835 Boreo,

932 1872 1060 1943 Qua
1090 1870 1276 1933 maris
1304 1870 1522 1931 Euxini
1550 1880 1718 1933 terra
1745 1869 1996 1931 sinistra
2012 1871 2203 1947 jacet.

845 1981 987 2041 Haec
1016 1977 1162 2041 mihi
1182 1978 1234 2040 si
1262 1978 1501 2058 Delphi,
1533 1979 1912 2056 Dodonaque
1933 1979 2166 2041 diceret
2197 1978 2357 2058 ipsa,

924 2089 1073 2149 Esse
1098 2086 1407 2149 videretur
1434 2104 1628 2149 vanus
1662 2098 1926 2165 uterque
1953 2088 2153 2149 locus.

846 2195 937 2255 Nil
964 2194 1120 2255 adeo
1148 2193 1414 2255 validum
1452 2210 1543 2265 οε,
1576 2194 1828 2255 adamas
1856 2194 2000 2255 licet
2025 2194 2256 2273 adliget
2283 2195 2468 2266 illud,

938 2303 1015 2365 Ut
1042 2312 1287 2364 maneat
1319 2302 1536 2382 rapido
1568 2301 1804 2365 firmius
1833 2302 1977 2381 igne
2009 2302 2197 2363 Iovis,

850 2409 943 2470 Nil
970 2408 1055 2471 ita
1095 2409 1354 2471 sublime
1382 2420 1498 2483 est,
1538 2426 1850 2487 supraque
1879 2409 2155 2488 pericula
2183 2410 2406 2483 tendit,

931 2515 1063 2576 Non
1093 2514 1172 2575 sit
1198 2525 1266 2576 ut
1290 2514 1551 2576 inferius
1573 2514 2089 2594 subpositumque
2122 2516 2267 2577 deo.

848 2625 999 2683 Nam
1026 2639 1394 2700 quamquam
1422 2621 1568 2684 vitio
1590 2641 1735 2702 pars
1765 2635 1860 2686 est
1887 2633 2210 2685 contracta
2239 2626 2566 2696 malorum,

933 2730 1075 2791 Plus
1102 2741 1305 2792 tamen
1336 2729 1503 2792 exitii
1532 2730 1804 2792 numinis
1833 2731 1924 2792 ira
1952 2730 2146 2792 dedit.

848 2837 923 2898 At
950 2855 1062 2898 vos
1086 2838 1379 2900 admoniti
1407 2839 1635 2900 nostris
1662 2857 1910 2917 quoque
1939 2839 2184 2900 casibus
2214 2850 2365 2912 este,

939 2946 1302 3024 AEquantem
1331 2963 1593 3026 superos
1620 2946 1960 3008 emeruisse
1991 2947 2211 3008 virum.

1509 3142 1880 3200 ELEGIA
1917 3143 2066 3198 lx.

858 3302 916 3364 Si
945 3301 1111 3375 licet,
1143 3313 1205 3363 et
1232 3303 1485 3381 pateris,
1525 3319 1753 3364 nomen
1779 3300 2141 3377 facinusque
2171 3305 2416 3375 taecbO,

944 3411 1019 3468 Et
1048 3417 1149 3468 tua
1178 3405 1437 3467 Lethaeis
1466 3416 1602 3466 acta
1632 3405 1946 3466 dabuntur
1975 3405 2174 3483 aquis:

858 3513 1197 3588 Nostraque
1224 3509 1501 3572 vincetur
1533 3510 1818 3589 lacrymis
1847 3511 2174 3573 elementia
2208 3513 2386 3574 seris:

937 3617 1053 3677 Fac
1094 3617 1283 3678 modo
1309 3628 1371 3678 te
1399 3628 1604 3696 pateat
1633 3617 2000 3697 poenituisse
2039 3618 2156 3678 tui:
