3334 5175
1808 360 2046 425 ...m-⁴

908 497 1051 569 Quae
1079 496 1130 558 si
1164 514 1290 557 non
1323 505 1509 566 esset,
1544 492 1773 553 caelebs
1808 502 1871 553 te
1900 490 2021 553 vita
2049 492 2321 563 deca-et,

984 605 1298 681 Nullaque,
1337 600 1436 663 cui
1466 617 1686 679 posses
1716 616 1857 661 esse
1898 598 2179 672 maritus,
2220 610 2380 669 eram

907 709 1144 787 Sospite
1177 708 1267 769 sic
1295 718 1358 770 te
1391 706 1472 771 sit
1502 718 1685 771 natus
1712 722 1961 784 quoque
1994 722 2235 783 sospes:
2266 716 2331 767 et
2358 704 2505 767 olim

987 814 1318 892 Imperium
1345 824 1518 892 regat
1544 814 1663 875 hoc
1699 828 1841 875 cum
1870 809 2115 873 seniore
2141 826 2358 883 senex;

905 922 1103 999 thue
1123 921 1212 983 tui
1237 922 1490 994 faciunt,
1522 919 1691 981 sidus
1721 918 2015 995 juvenile,
2046 928 2332 995 nepote&

989 1028 1105 1088 Per
1131 1037 1234 1088 tua
1265 1044 1500 1106 perque
1527 1025 1622 1087 sui
1653 1026 1817 1087 facta
1850 1024 2125 1102 parentis
2149 1034 2325 1087 eant:

910 1131 1008 1193 Sic
1039 1143 1282 1194 assueta
1303 1131 1424 1193 tuis
1452 1147 1697 1209 semper
1715 1129 1969 1191 victoria
2008 1128 2229 1191 castris

990 1238 1162 1300 Nunc
1193 1256 1441 1316 quoque
1463 1255 1536 1301 se
1571 1246 1848 1316 praestet,
1884 1246 2155 1312 notaque
2182 1234 2359 1313 signa
2383 1246 2579 1313 petam

907 1342 1366 1421 Ausoniumque
1391 1345 1610 1405 ducem
1639 1342 1835 1404 solitis
1862 1340 2265 1403 circumvolet
2288 1341 2431 1414 alis,

991 1454 1184 1515 Ponat
1211 1462 1275 1513 et
1299 1450 1364 1511 in
1391 1450 1580 1512 nitida
1605 1451 1817 1513 laurea
1850 1459 2015 1511 serta
2054 1464 2257 1521 comm

911 1559 1027 1621 Per
1052 1575 1236 1635 quem
1261 1558 1423 1619 bella
1444 1557 1630 1635 εει-ῖς,
1661 1555 1842 1633 cuius
1872 1570 2039 1618 nunc
2066 1571 2333 1633 corpore
2354 1571 2622 1633 pugnas.

993 1665 1344 1745 Auspicium
1383 1666 1484 1727 cui
1509 1666 1620 1727 das
1650 1666 1905 1743 grande,
1944 1665 2217 1741 deosque
2251 1674 2415 1737 tuos,

915 1771 1294 1849 Dimidioque
1319 1770 1410 1833 tui
1436 1787 1713 1849 praesens
1737 1788 1829 1844 ee,
1863 1780 1927 1833 et
1953 1768 2221 1848 adspicis
2248 1771 2491 1842 urbem,

995 1882 1252 1945 Dimidio
1289 1882 1510 1961 procul
1529 1900 1620 1955 es,
1651 1898 1939 1958 saevaque
1972 1879 2137 1943 bella
2160 1882 2348 1959 geris:

915 1987 1022 2048 Hic
1051 1988 1160 2049 tibi
1186 1988 1276 2049 sic
1309 1988 1520 2049 redeat
1551 1996 1841 2065 superam
1869 1987 2067 2051 victor
2096 1986 2177 2049 ab
2218 1988 2422 2059 hoste,

1000 2098 1190 2177 Inque
1217 2096 1530 2159 coronatis
1557 2098 1790 2175 fulgeat
1816 2098 1979 2159 altus
2008 2097 2206 2175 equis;

918 2205 1126 2277 Parce,
1155 2220 1401 2281 precor:
1432 2202 1787 2281 fulmenque
1813 2214 2013 2277 tuum,
2044 2203 2173 2265 fera
2200 2203 2347 2276 tela,
2379 2203 2671 2278 reconde,

999 2309 1149 2371 Heu!
1181 2310 1434 2370 nimium
1456 2309 1691 2373 ,misero
1720 2310 1965 2388 cognita
1993 2310 2113 2371 tela
2142 2307 2313 2369 mihi!

919 2420 1126 2492 Parce,
1163 2429 1338 2497 pater
1369 2419 1607 2496 patriae:
1629 2436 1748 2481 nec
1776 2418 2043 2481 nominis
2073 2418 2400 2483 immemor
2429 2419 2619 2497 hujus

1003 2528 1156 2589 Olim
1183 2526 1470 2604 placandi
1497 2542 1673 2604 spem
1700 2524 1849 2587 mihi
1878 2527 2029 2590 toile
2058 2523 2173 2590 tui.

922 2639 1052 2698 Non
1086 2653 1311 2714 precor
1337 2645 1407 2695 ut
1432 2636 1702 2698 redeam:
1745 2635 2025 2711 quambis
2058 2638 2297 2714 maiora
2324 2637 2530 2716 petio‘n

1006 2740 1306 2804 Credibile
1334 2751 1428 2802 est
1455 2758 1713 2820 magnos
1748 2758 1917 2821 saepe
1944 2742 2185 2806 dedisse
2213 2745 2387 2808 deos.

925 2850 1126 2914 Mitius
1158 2848 1440 2910 exsilium
1471 2848 1524 2910 si
1559 2849 1693 2926 das,
1724 2849 2107 2928 propiusque
2140 2853 2407 2931 roganti,

1005 2960 1153 3018 Pars
1187 2957 1305 3020 erit
1331 2975 1367 3022 e
1394 2973 1582 3036 poena
1618 2973 1841 3036 magna
1872 2959 2068 3020 levata
2100 2976 2258 3024 mea.

923 3063 1143 3126 Ultima
1167 3063 1506 3142 perpetior,
1543 3063 1779 3126 medios
1808 3065 2041 3141 eJectus
2068 3065 2131 3126 in
2156 3066 2395 3127 hostes:

1003 3172 1124 3233 Nec
1155 3171 1476 3251 quisquam
1503 3171 1702 3250 patria
1736 3171 1982 3250 longius
2010 3173 2187 3235 exsul
2210 3173 2411 3236 abest.

925 3278 1103 3340 Solus
1131 3279 1210 3339 ad
1237 3295 1530 3356 egressus
1553 3277 1779 3340 missus
1814 3277 2229 3358 septempiicis
2260 3279 2420 3358 lutri,

1005 3383 1342 3446 Parrhasiae
1368 3380 1571 3460 gelido
1598 3380 1861 3460 Virginis
1888 3397 2005 3446 axe
2036 3400 2307 3460 premor.

928 3494 1200 3570 lazygeS,
1233 3502 1297 3553 et
1320 3489 1551 3565 Colchi,
1587 3491 1976 3569 metereaque
2001 3493 2204 3566 turba,
2241 3493 2552 3574 Getaeque,

1009 3597 1267 3658 Danubii
1291 3597 1508 3660 mediis
1534 3597 1636 3662 vix
1672 3599 2079 3677 prohihentur
2106 3600 2303 3677 aquis.

927 3705 1210 3782 Cumque
1235 3703 1338 3764 alii
1365 3704 1471 3765 tibi
1497 3704 1618 3768 sint
1645 3721 1829 3770 causa
1853 3706 2138 3784 graviore
2168 3704 2378 3785 fugati,
