3334 5175
1349 346 1592 405 ...97-

428 482 832 556 Induiturque
861 476 1134 538 humeris
1164 492 1310 537 cum
1342 476 1468 537 lato
1496 494 1775 556 purpura
1796 409 2175 541 clavoNs‘J

517 590 592 648 Et
618 585 892 648 studium
921 583 1122 657 nobis,
1164 582 1334 660 quod
1355 580 1470 643 fuit
1497 593 1662 657 ante,
1698 596 1927 647 manet.

429 696 684 770 Jamque
711 694 925 753 decem
955 689 1094 750 vitae
1123 689 1312 749 frater
1333 688 1751 767 geminaverat
1776 706 2001 763 annos,

516 802 666 862 Cum
687 799 872 879 perit.
898 809 959 864 et
989 797 1152 877 coepi
1191 806 1368 877 parte
1400 814 1616 859 carere
1649 798 1795 859 mei.
1843 864 1849 873 ,

432 908 714 988 Cepimus
744 918 806 969 et
835 918 1066 969 tenerae
1095 906 1330 984 primos
1351 905 1552 971 aetatis
1583 906 1881 979 honores,

513 1017 721 1092 Deque
749 1014 894 1076 viris
925 1014 1236 1091 quondam
1263 1030 1408 1092 pars
1437 1012 1637 1077 tribus
1657 1030 1784 1075 una
1810 1014 1918 1075 fui.

427 1122 602 1183 Curia
629 1123 922 1184 restabat:
949 1121 1102 1183 clavi
1131 1139 1420 1187 mensura
1437 1132 1662 1188 coacta
1684 1132 1805 1185 est.

515 1231 708 1307 MaJus
731 1241 863 1296 erat
891 1229 1118 1295 nostris
1145 1230 1376 1296 viribus
1397 1231 1552 1301 illud
1591 1248 1773 1297 onus.

437 1339 557 1399 Nec
587 1338 826 1418 patiens
855 1354 1107 1417 corpuS‚
1136 1354 1250 1401 nec
1287 1356 1464 1401 mens
1483 1337 1608 1401 ,fuit
1626 1349 1769 1417 apta
1796 1336 2018 1411 labori,

511 1444 922 1523 Sollicitaeque
945 1444 1132 1525 fugax
1159 1444 1511 1507 ambitionis
1545 1462 1747 1517 eram:

437 1556 510 1617 Et
534 1564 746 1632 petere
774 1552 982 1615 Aoniae
1009 1554 1350 1617 suadebant
1373 1564 1508 1617 tuta
1537 1570 1791 1627 sorores

520 1659 672 1733 Otia,
693 1659 929 1737 jndicio
959 1676 1206 1739 semper
1240 1670 1442 1725 amata
1472 1676 1634 1727 meo.

447 1766 764 1843 Temporis
793 1765 958 1827 illius
987 1764 1152 1829 colui
1181 1764 1427 1843 fovique
1457 1775 1701 1851 poetas,

534 1874 812 1951 Quotque
841 1874 1092 1937 aderant
1119 1884 1311 1946 vateS,
1335 1872 1518 1934 rebar
1547 1873 1767 1937 adesse
1790 1874 1963 1935 deos.

454 1984 630 2060 Saepe
659 2000 802 2044 suas
823 1984 1106 2044 volucres
1134 1981 1281 2060 legit
1321 1980 1468 2044 mihi
1495 1980 1793 2061 grandior
1804 1999 1961 2056 aevo,

524 2088 792 2167 Quaeque
823 2100 1004 2150 necet
1031 2105 1316 2169 serpenS,
1349 2104 1490 2164 quae
1511 2088 1689 2167 juvet,
1709 2089 1923 2161 herba,
1948 2088 2173 2152 Macer.

437 2200 619 2275 Saepe
648 2212 789 2257 suos
809 2196 1026 2258 solitus
1056 2195 1318 2257 recitare
1355 2192 1715 2273 Propertius
1732 2194 1931 2272 ignes,

519 2305 550 2365 J
555 2322 666 2365 ure
693 2302 954 2365 sodalitii
978 2302 1083 2381 qui
1121 2302 1264 2368 milii
1286 2302 1544 2383 junctus
1563 2311 1720 2365 erat.

442 2410 732 2472 Ponticus
752 2411 967 2482 heroo,
1003 2409 1226 2469 Bassus
1255 2422 1510 2491 quoque
1533 2407 1739 2479 clarus
1774 2398 2005 2493 iamim,

527 2518 737 2581 Dulcia
765 2517 1084 2580 convictus
1115 2516 1388 2580 membra
1411 2514 1586 2585 fuere
1613 2515 1757 2585 mei.
1806 2474 2010 2581 ψὼ

435 2629 508 2688 Et
541 2626 736 2688 tenuit
761 2609 1006 2687 nostras
1020 2639 1388 2686 numerosus
1414 2622 1703 2694 Horatius
1724 2638 1933 2696 aures,

515 2735 674 2794 Dum
703 2731 844 2793 ferit
872 2729 1138 2792 Ausonia
1159 2728 1435 2794 carmina
1459 2729 1626 2794 culta
1652 2729 1789 2810 lyra
1806 2775 1819 2788 .

436 2838 759 2919 Virgilium
787 2839 910 2900 vidi
938 2848 1206 2900 tantum:
1237 2853 1354 2898 nec
1382 2852 1566 2898 avara
1581 2834 1822 2898 Tibullo
1862 2921 1867 2927 ¹

529 2951 799 3027 Tempus
826 2948 1108 3022 amicitiae
1135 2947 1262 3014 fata
1281 2947 1515 3011 dedere
1533 2962 1714 3016 mea.

445 3061 788 3119 Successor
814 3057 928 3118 fuit
955 3057 1054 3118 hic
1082 3057 1214 3130 tihi,
1247 3056 1440 3130 Galle,
1471 3055 1833 3134 Propertius
1850 3054 1958 3124 illi.

530 3164 794 3236 Quartus
821 3163 900 3224 ab
928 3161 1024 3224 his
1053 3162 1214 3227 serie
1245 3160 1544 3240 temporis
1569 3160 1708 3237 ipse
1732 3160 1841 3230 fui.

440 3273 640 3350 thue
671 3289 788 3350 ego
817 3271 1110 3349 majores,
1141 3269 1230 3338 sic
1256 3285 1360 3340 mo
1385 3269 1640 3340 coluere
1663 3265 1958 3338 minorem
2024 3313 2029 3321 ,

519 3380 804 3456 Notaque
831 3396 959 3440 non
1001 3379 1178 3445 tarde
1217 3379 1380 3445 facta
1407 3376 1616 3445 Thalia
1641 3393 1779 3448 mea
1804 3386 1920 3440 est.

433 3485 712 3546 Carmina
743 3501 886 3547 cum
914 3485 1188 3565 primum
1227 3485 1466 3564 populo
1481 3483 1779 3560 ,iuvenilia
1806 3483 1951 3562 legi,
2042 3498 2047 3505 '

519 3594 724 3654 Barba
753 3603 994 3656 resecta
1022 3592 1176 3658 mihi
1201 3592 1376 3662 bisve
1403 3592 1671 3662 semelve
1696 3591 1831 3660 tuit.

435 3699 708 3763 Moverat
735 3699 1055 3780 ingenium
1084 3708 1284 3772 toxam
1319 3708 1563 3766 cantata
1591 3715 1707 3782 per
1739 3698 1959 3770 urbem
2056 3743 2062 3754 ·
