3334 5175
1766 368 2005 432 „hu-

845 501 1026 577 Dure,
1067 504 1214 580 quid
1247 504 1326 564 ad
1359 502 1620 564 miseros
1648 502 1935 563 veniebas
1964 500 2195 563 exsulis
2222 504 2449 562 annos?

923 614 1092 673 Debu
1110 628 1250 671 eras
1278 611 1397 671 illis
1425 609 1794 687 imposuisse
1822 612 2098 669 modum.

841 718 904 777 Si
933 717 1044 779 tibi
1076 733 1224 777 cura
1256 716 1398 789 mei,
1431 716 1524 776 vel
1557 715 1609 775 si
1639 708 1843 793 pudor
1870 715 2033 775 ullus
2062 715 2315 788 inesset,

926 824 1059 882 Non
1089 823 1252 883 ultra
1281 821 1545 899 patriam
1571 838 1671 881 me
1704 838 2036 899 sequerere
2066 837 2285 881 meam.

841 928 1106 1005 Quoque
1134 929 1274 987 loco
1304 925 1570 1004 primum
1595 925 1707 991 tibi
1736 942 1871 987 sum
1908 926 2064 987 male
2086 926 2371 1005 cognitus
2400 926 2624 1002 infans,

937 1036 1050 1095 Illo
1084 1044 1390 1097 tentasses
1419 1034 1671 1095 ultimus
1700 1050 1837 1095 esse
1870 1034 2041 1095 mihi:

843 1142 1095 1218 Jamque
1125 1141 1555 1217 relinquendo,
1591 1141 1760 1217 quod
1788 1141 1951 1201 idem
1980 1140 2191 1200 fecere
2228 1143 2499 1215 sodales,

931 1249 1021 1306 Tu
1045 1262 1290 1322 quoque
1318 1244 1574 1306 dixisses
1603 1246 1799 1307 tristis
1827 1246 1888 1304 in
1918 1246 2093 1318 urbe,
2128 1246 2282 1306 vale.

849 1351 1003 1421 Quid
1031 1350 1141 1410 tihi
1170 1366 1311 1410 cum
1340 1351 1564 1411 Ponto?
1591 1368 1741 1411 num
1771 1359 1833 1410 te
1864 1366 2113 1426 quoque
2142 1350 2401 1411 Caesaris
2426 1350 2518 1409 ira

937 1461 1288 1519 Extremam
1317 1458 1502 1535 gelidi
1529 1458 1695 1519 misit
1722 1458 1785 1517 in
1813 1458 1980 1519 orbis
2010 1459 2293 1517 humum?

860 1566 1103 1626 Scilicet
1131 1575 1422 1642 expectes
1454 1564 1616 1625 soliti
1646 1564 1757 1625 tibi
1796 1565 1987 1625 moris
2018 1566 2339 1634 honorem,

941 1673 1209 1734 Pendeat
1238 1689 1316 1731 ex
1348 1672 1619 1732 humeris
1648 1672 1835 1732 vestis
1862 1682 1931 1732 ut
1960 1672 2098 1732 alba
2128 1672 2309 1732 meis?

856 1779 1110 1840 Fumida
1139 1778 1424 1855 cingatur
1455 1776 1821 1838 florentibus
1848 1794 1955 1837 ara
1984 1777 2263 1838 coronis?

953 1884 1229 1961 Micaque
1260 1883 1519 1944 solemni
1547 1882 1747 1943 thuris
1774 1882 1837 1941 in
1864 1883 2005 1961 igne
2035 1884 2239 1943 sonet?

861 1995 1132 2071 Libaque
1161 1995 1300 2055 dem
1327 2011 1445 2071 pro
1470 2004 1532 2054 te
1561 1992 1825 2071 genitale
1854 1992 2126 2054 notantia
2150 2003 2413 2070 tempus,

959 2097 1428 2177 Concipiamque
1455 2099 1653 2160 bonas
1684 2115 1795 2159 ore
1822 2099 2063 2159 favente
2090 2098 2335 2176 preces?

857 2208 993 2267 Non
1026 2207 1114 2267 ita
1143 2222 1280 2266 sum
1309 2206 1570 2283 positus:
1606 2222 1725 2267 nec
1755 2217 1899 2267 sunt
1930 2223 2001 2266 ea
2030 2216 2308 2282 tempora
2337 2204 2537 2284 nobis,

970 2318 1250 2377 Adventu
1283 2315 1514 2393 possim
1543 2317 1723 2375 laetus
1750 2326 1820 2377 ut
1848 2333 1983 2376 esse
2011 2326 2139 2375 tuo,

889 2422 1145 2482 Funeris
1174 2437 1278 2481 ara
1307 2420 1452 2479 mihi
1479 2420 1651 2479 ferali
1681 2420 1878 2480 cincta
1908 2437 2203 2495 cupresso

962 2528 1280 2602 Convenit,
1317 2538 1378 2587 et
1400 2526 1654 2589 structis
1685 2528 1927 2586 flamma
1958 2537 2167 2604 parata
2196 2526 2383 2604 rogis,

867 2635 996 2696 Nec
1026 2637 1177 2694 dare
1205 2636 1388 2694 thura
1416 2635 1568 2694 libet
1595 2633 1682 2691 nil
1702 2632 2021 2692 exorantia
2049 2632 2245 2692 divos:

951 2743 1019 2799 In
1053 2740 1238 2800 tantis
1273 2741 1542 2801 subeunt
1568 2755 1684 2798 nec
1714 2739 1879 2798 bona
1906 2738 2093 2798 verba
2121 2737 2315 2799 malis.

872 2848 933 2908 Si
963 2858 1171 2907 tamen
1203 2857 1302 2906 cst
1327 2845 1558 2922 aliquid
1587 2845 1770 2906 nobis
1813 2847 1928 2907 hac
1958 2846 2097 2907 luce
2124 2846 2481 2923 petendum,

959 2955 1027 3011 ln
1057 2953 1197 3012 loca
1229 2969 1308 3011 ne
1339 2952 1559 3012 redeas
1589 2951 1851 3029 amplius
1880 2951 1995 3012 ista
2024 2968 2270 3029 precor:
2388 2943 2404 2954 ”

872 3060 1029 3117 Dum
1061 3073 1160 3116 me
1188 3067 1500 3118 terrarum
1525 3073 1671 3134 pars
1699 3073 1877 3134 paene
1905 3057 2256 3127 novissima,
2292 3058 2542 3128 Pontus,

967 3161 1190 3223 Euxini
1220 3161 1377 3223 falso
1408 3161 1660 3239 nomine
1690 3161 1912 3234 dictuS‚
1945 3160 2148 3222 hahet.

1620 3375 1988 3431 EIAEGIA
2014 3376 2227 3431 xlv-

872 3588 1088 3648 Cultor
1123 3596 1185 3646 et
1213 3584 1472 3646 antistes
1503 3586 1835 3646 doctorum
1864 3595 2079 3648 sancte
2107 3586 2401 3660 virorum,

975 3692 1132 3766 Quid
1166 3691 1316 3754 facis
1351 3691 1598 3771 ingenio
1626 3711 1871 3773 semper
1899 3693 2092 3757 amice
2120 3694 2287 3760 meo?
