3334 5175
1458 671 1820 727 Eanum
1870 670 2054 724 vu.

878 888 975 948 Bis
1004 903 1101 947 me
1130 886 1221 947 sol
1251 884 1395 946 adiit
1423 883 1640 963 gelidae
1668 892 1813 960 post
1840 880 2064 959 frigora
2109 881 2371 949 brumae,

958 997 1178 1073 Bisque
1206 1011 1383 1056 suum
1413 1000 1577 1054 tacto
1608 992 1776 1053 Pisce
1803 990 2047 1068 peregit
2064 988 2223 1049 iter.

880 1105 1179 1180 Tempore
1207 1112 1329 1165 tam
1357 1100 1543 1177 longo
1566 1114 1680 1159 cur
1714 1114 1838 1157 non
1873 1106 1977 1157 tua
2006 1097 2280 1164 dextera,
2316 1112 2530 1154 versus

959 1207 1301 1281 Quamlibet
1328 1207 1391 1266 in
1428 1220 1662 1285 paucos
1701 1203 1982 1265 officiosa
2017 1202 2159 1263 suit?

880 1317 997 1378 Cur
1024 1325 1128 1376 tua
1154 1312 1413 1375 cessavit
1438 1311 1655 1391 pietaS,
1701 1309 2112 1372 scribentibus
2141 1309 2266 1370 illis

958 1423 1228 1503 Exiguus
1256 1420 1433 1483 nobis
1462 1436 1603 1481 cum
1633 1418 1858 1496 quihus
1887 1434 2036 1479 usus
2065 1419 2232 1478 erat?

880 1532 1021 1602 Cur,
1053 1527 1296 1606 quoties
1326 1527 1507 1588 alicui
1536 1542 1647 1588 sua
1681 1526 1912 1585 chartae
1936 1524 2178 1585 vincula
2207 1525 2434 1596 denisi,

966 1638 1131 1696 Illam
1156 1634 1392 1712 speravi
1422 1650 1647 1694 nomen
1679 1633 1906 1693 habere
1934 1631 2137 1691 tuum?

881 1745 949 1805 Di
976 1743 1197 1805 faciant
1226 1753 1293 1804 ut
1312 1758 1479 1820 saepe
1507 1752 1608 1802 tua
1641 1740 1721 1801 sit
1752 1738 2009 1818 epistola
2045 1741 2263 1801 dextra

961 1850 1220 1929 Scripta,
1254 1850 1363 1910 sed
1390 1866 1425 1909 e
1458 1847 1664 1908 maltis
1699 1846 1936 1908 reddita
1971 1848 2136 1907 nulla
2167 1847 2335 1907 mihi.
2639 1928 2648 1935 ι

885 1958 1058 2029 Quod
1084 1974 1328 2036 precor,
1360 1972 1497 2017 esse
1519 1955 1732 2033 liquet:
1763 1955 2018 2016 Credam
2045 1954 2218 2033 prius
2258 1970 2366 2015 ora
2396 1955 2670 2015 Medusae

966 2061 1265 2144 Gorgonis
1298 2062 1613 2143 anguineis
1645 2062 1846 2131 cincta
1877 2061 2062 2123 fuisse
2091 2061 2307 2123 comis:

885 2172 1033 2232 Esse
1064 2186 1247 2231 canes
1276 2179 1453 2231 utero
1482 2170 1599 2231 sub
1623 2167 1906 2249 Virginis:
1940 2184 2076 2230 esse
2110 2168 2497 2239 Chimaeram,

969 2277 1020 2337 A
1048 2288 1221 2338 truce
1244 2292 1384 2354 quae
1406 2275 1664 2337 flammis
1707 2285 1951 2353 separet
1980 2290 2181 2353 angue
2209 2274 2392 2335 leam:

886 2385 1441 2463 Quadrupedesque
1472 2382 1788 2444 hominum
1817 2398 1960 2443 cum
1989 2393 2243 2461 pectore
2271 2393 2524 2461 pectora
2541 2384 2820 2459 junctoS,

972 2490 1521 2569 Tergeminumque
1545 2489 1766 2563 virum,
1804 2489 2334 2569 tergeminumque
2363 2505 2600 2551 canem:

890 2600 1301 2679 Sphingaque,
1334 2610 1397 2662 et
1424 2599 1737 2678 HarpyiaS‚
1780 2600 2370 2680 serpentipedesque
2404 2601 2713 2682 Gigantas3

976 2708 1519 2787 Centimanumque
1546 2708 1777 2788 Gygen,
1813 2710 2310 2788 semibovemque
2337 2713 2559 2785 virum3

891 2818 1013 2878 Hec
1046 2831 1163 2896 ego
1194 2827 1415 2878 cuncta
1442 2816 1638 2895 prius,
1671 2833 1855 2894 quam
1895 2828 1979 2892 te,
2013 2817 2348 2891 carissime,
2381 2821 2631 2881 credam

971 2923 1268 2984 Mutatum
1298 2939 1513 2984 curam
1542 2923 1907 3002 deposuisse
1945 2923 2086 2983 mei.

894 3029 1203 3090 Innumeri
1237 3039 1479 3091 montes
1510 3029 1669 3091 inter
1699 3046 1798 3090 me
1828 3040 2035 3105 teque,
2067 3029 2329 3107 viaeque,

973 3138 1391 3217 Fluminaque,
1423 3151 1489 3202 et
1514 3140 1739 3220 campi,
1771 3157 1888 3203 nec
1915 3141 2070 3202 freta
2097 3157 2294 3219 pauca
2317 3144 2546 3220 jacent.

892 3245 1052 3308 Mille
1079 3257 1285 3325 potest
1314 3248 1538 3322 causiS,
1572 3265 1607 3310 a
1644 3259 1706 3310 te
1737 3265 1878 3326 quae
1906 3249 2108 3310 littera
2139 3265 2304 3329 saepe

974 3355 1155 3417 Missa
1178 3356 1345 3428 sit,in
1372 3365 1618 3416 nostras
1648 3357 1816 3416 nulia
1845 3356 2054 3418 venire
2082 3373 2319 3421 manus.

894 3461 1055 3521 Mille
1078 3471 1278 3522 tamen
1308 3476 1525 3550 causas
1550 3461 1884 3546 scribendo
1912 3463 2089 3525 vince
2118 3465 2492 3530 frecuenter:

979 3568 1279 3630 Excusem
1307 3586 1383 3630 ne
1404 3580 1465 3632 te
1492 3587 1758 3650 semper,
1796 3573 2011 3646 amice,
2037 3573 2201 3635 mihi.
