3334 5175
1301 393 1542 456 -ffi--n'n

470 519 736 601 Hospitis
764 520 906 601 igne
934 524 1090 584 duas
1117 522 1446 586 incaluisse
1475 528 1652 588 deas?

390 630 587 691 Omne
605 646 803 708 genus
831 628 1042 708 scripti
1071 630 1372 709 gravitate
1399 631 1702 710 tragoedia
1735 633 1944 705 vincit}

473 736 614 796 llaec
644 750 890 811 quoque
921 734 1235 797 materiam
1265 753 1512 815 semper
1539 737 1769 799 amoris
1815 738 2027 799 habet.

389 842 540 903 Nam
571 841 714 919 quid
741 841 804 901 in
833 841 1160 921 Hippolyto
1187 854 1305 917 est,
1339 844 1454 905 nisi
1483 860 1673 905 caecae
1702 845 1947 905 flamma
1976 844 2290 905 novercae?¹

475 949 704 1011 Nobilis
729 960 825 1011 est
853 950 1090 1011 Canace
1117 951 1324 1013 fratris
1351 968 1564 1013 amore
1591 952 1710 1013 sui.

395 1054 578 1127 Quid?
599 1073 726 1117 non
751 1056 1100 1119 Tantalides
1125 1058 1394 1136 agitante
1421 1058 1721 1136 Cupidine
1748 1076 1971 1120 currus

479 1164 732 1227 Pisaeam
758 1163 1036 1244 Phrygiis
1061 1166 1228 1228 vexit
1253 1164 1528 1228 eburnus
1557 1166 1763 1245 equis?

397 1270 680 1349 'fingeret
705 1280 774 1331 ut
800 1270 1029 1331 ferrum
1061 1280 1346 1333 natorum
1375 1272 1675 1350 sanguine
1704 1283 1921 1344 mater,

481 1375 772 1439 Concitus
801 1392 836 1437 a
861 1376 1012 1438 laeso
1037 1376 1183 1439 fecit
1207 1394 1422 1439 amore
1449 1379 1652 1439 dolor.

400 1483 566 1545 Fecit
590 1499 765 1545 amor
791 1482 1024 1544 subitas
1049 1485 1334 1545 volucres
1389 1500 1532 1545 cum
1559 1484 1783 1562 pellice
1806 1502 2039 1563 regem,

485 1592 754 1670 Quaeque
780 1608 958 1652 suum
989 1591 1158 1669 luget
1183 1608 1352 1652 nunc
1379 1608 1626 1669 quoque
1655 1602 1853 1653 mater
1878 1593 2031 1670 Ityn.

407 1700 468 1761 Si
488 1717 613 1761 non
639 1700 906 1777 AEropen
925 1699 1116 1761 frater
1142 1700 1477 1761 sceleratus
1505 1712 1793 1772 amasset,

492 1811 752 1871 Aversos
775 1809 926 1871 solis
953 1826 1081 1872 non
1109 1811 1456 1889 legeremus
1487 1826 1705 1889 equos=

411 1914 597 1994 Impia
624 1932 740 1977 nec
761 1914 1030 1995 tragicos
1057 1914 1360 1994 tetigisset
1387 1917 1585 1995 Scylla
1611 1920 1974 1995 cothurnos,

491 2022 560 2083 Ni
578 2020 841 2101 patrium
867 2022 1102 2083 crinem
1131 2022 1510 2085 desecuisset
1537 2040 1733 2088 amor.

411 2131 520 2203 Qui
547 2130 700 2211 legis
725 2132 1006 2193 Electran
1035 2140 1096 2193 et
1123 2141 1407 2210 egentem
1447 2133 1671 2195 mentis
1702 2136 1981 2208 Oresten,

495 2236 724 2317 AEgysti
751 2236 984 2298 crimen
1018 2237 1520 2315 Tyndaridosque
1551 2238 1725 2317 legis.

412 2345 558 2405 Nam
586 2342 732 2421 quid
761 2345 838 2405 de
865 2342 1088 2405 tetrico
1113 2343 1375 2404 referam
1409 2344 1717 2406 domitore
1744 2346 2084 2421 Chimaerae,

503 2450 692 2522 Quem
721 2451 890 2511 letho
917 2450 1102 2511 fallax
1129 2449 1373 2529 hospita
1401 2468 1580 2528 paene
1609 2452 1808 2513 dedit?

419 2558 572 2632 Quid
598 2559 817 2638 loquar
843 2558 1240 2622 Hermionen?
1267 2557 1417 2638 quid
1459 2570 1540 2634 te,
1575 2562 1896 2624 Schoeneia
1923 2563 2119 2644 virgo,

503 2669 730 2745 Teque,
760 2669 1074 2746 Mycenaeo
1103 2669 1364 2730 Phoebas
1391 2680 1590 2731 amata
1617 2670 1789 2732 duci?

419 2774 573 2849 Quid
599 2777 870 2849 Danaen,
902 2775 1212 2854 Danaique
1241 2793 1460 2850 nuruS‚
1491 2779 1871 2856 Matremque
1898 2771 2084 2858 Lyaei?

511 2883 944 2959 Haemonaque,
977 2892 1040 2943 et
1065 2891 1286 2943 noctes
1304 2897 1450 2959 quae
1473 2885 1683 2946 coiere
1710 2885 1879 2946 duae?

433 2986 582 3059 Quid
611 3003 907 3066 generum
928 2985 1142 3051 Peliae?
1169 2986 1316 3064 quid
1337 2987 1600 3048 Thesea?
1655 2989 1879 3065 quidve
1917 2992 2237 3070 Pelasgum

518 3095 763 3158 Iliacam
795 3095 992 3174 tetigit
1017 3095 1122 3172 qui
1153 3105 1286 3158 rate
1313 3096 1550 3173 primus
1577 3099 1861 3157 humum?

435 3204 564 3265 Huc
591 3203 738 3275 Iole,
769 3200 1104 3280 Pyrrhique
1130 3214 1378 3277 parens,
1410 3202 1532 3261 huc
1561 3202 1837 3265 Herculis
1864 3219 2045 3274 uxor,

519 3313 648 3384 Huc
673 3312 928 3372 accedat
951 3311 1153 3388 HylaS‚
1185 3309 1524 3389 iliadesque
1551 3327 1730 3390 puer.

439 3420 738 3496 Tempore
765 3415 1036 3489 deficitur,
1068 3415 1338 3495 tragicos
1367 3417 1418 3478 si
1445 3434 1786 3494 persequar
1812 3418 2011 3497 igneS,

525 3521 758 3601 Vixque
785 3537 962 3584 meus
989 3521 1190 3599 captet
1218 3521 1468 3582 nomina
1495 3523 1662 3582 nuda
1690 3523 1869 3583 liber.

443 3629 550 3690 Est
577 3639 638 3690 et
665 3628 726 3688 in
756 3629 1090 3690 obscoenos
1119 3627 1356 3688 deflexa
1385 3625 1687 3705 tragoedia
1716 3625 1901 3700 risus,

505 3736 838 3814 ‘Multaque
861 3731 1163 3814 praeteriti
1186 3733 1372 3794 verba
1400 3732 1658 3810 pudoris
1686 3733 1891 3798 hahet.
