3334 5175
811 446 934 507 Nec
960 446 1186 523 legitur
1215 461 1360 522 pars
1389 444 1516 504 ulla
1543 442 1739 521 magis
1764 442 1845 503 de
1874 459 2141 520 corpore
2166 452 2331 516 toto,

896 556 1086 627 Quam
1113 572 1240 615 non
1269 552 1544 632 legitimo
1571 554 1807 615 foedere
1829 554 2087 631 junctus
2114 568 2313 616 amor.

811 660 1098 737 Phyllidis
1124 660 1226 721 hic
1254 659 1416 721 idem
1444 670 1800 736 teneraeque
1826 658 2211 736 Amaryllidis
2238 658 2415 737 ignes

895 769 1198 832 Bucolicis
1218 769 1464 846 juvenis
1492 770 1725 831 luserat
1752 780 1897 831 ante
1924 768 2152 831 modis.

807 876 929 936 Nos
959 892 1205 952 quoque
1224 876 1353 951 jam
1383 876 1622 954 pridem
1649 874 1885 953 scripto
1911 875 2302 953 peccavimus
2329 892 2485 947 unc,

893 984 1272 1063 Supplicium
1299 984 1530 1062 patitur
1557 1001 1685 1047 non
1713 1000 1871 1045 nova
1901 986 2087 1063 culpa
2116 1001 2365 1047 novum.

809 1090 1213 1168 carminaque
1242 1089 1574 1161 edideram,
1607 1106 1751 1151 cum
1781 1101 1843 1152 te
1870 1090 2093 1153 delicta
2124 1100 2442 1155 notantem

888 1194 1162 1257 Praeterii
1190 1195 1374 1257 toties
1392 1194 1536 1271 jnre
1563 1194 1812 1273 quietus
1842 1212 2069 1273 equeS.

817 1302 1004 1380 Ergo,
1037 1318 1177 1379 quae
1196 1301 1411 1379 Juveni
1438 1302 1584 1362 mihi
1612 1320 1739 1363 non
1770 1302 2054 1365 nocitura
2080 1302 2289 1381 putavi

901 1410 1140 1488 Scripta
1167 1426 1386 1487 parum
1411 1412 1711 1487 prudenS,
1745 1426 1911 1473 nunc
1939 1425 2213 1472 nocuere
2240 1409 2406 1473 seni?

825 1518 970 1577 Sera
999 1516 1362 1577 redundavit
1387 1516 1608 1577 veteris
1637 1516 1903 1578 vindicta
1930 1515 2141 1589 libelli,

899 1621 1090 1681 Distat
1118 1629 1181 1680 et
1207 1636 1242 1679 a
1271 1619 1472 1679 meriti
1501 1630 1783 1697 tempore
1809 1638 1995 1697 poena
2022 1621 2137 1681 sui.

824 1731 910 1792 Ne
939 1741 1141 1790 tamen
1170 1744 1354 1787 omne
1383 1744 1586 1787 meum
1616 1729 1835 1788 credas
1864 1745 2021 1805 opus
2050 1744 2189 1789 esse
2216 1727 2569 1800 remissum;

912 1838 1087 1912 Saepe
1115 1832 1256 1895 dedi
1283 1843 1516 1894 nostrae
1541 1833 1799 1911 grandia
1826 1834 1957 1895 vela
1986 1832 2124 1895 rati.

830 1943 950 2003 Sex
976 1957 1093 2018 ego
1123 1941 1441 2000 Fastorum
1471 1938 1690 2016 scripsi
1719 1938 2096 2028 totidemque
2124 1937 2391 2013 libellos,

925 2044 1196 2121 Cumque
1225 2060 1340 2137 suo
1369 2042 1551 2103 finem
1579 2059 1792 2103 mense
1821 2044 2111 2104 volumen
2141 2045 2347 2105 habet.

823 2156 1012 2232 quue
1040 2165 1148 2214 tuo
1178 2170 1375 2231 nuper
1403 2152 1702 2229 scriptum
1732 2152 1850 2213 sub
1876 2152 2145 2225 nomine,
2178 2152 2404 2224 Caesar,

909 2262 982 2321 Et
1011 2259 1120 2321 tibi
1149 2269 1458 2320 sacratum
1490 2274 1628 2319 sors
1657 2276 1793 2319 mea
1824 2259 1991 2337 rupit
2018 2276 2206 2337 opus,

829 2370 903 2429 Et
931 2357 1213 2429 dedimus
1242 2367 1490 2445 tragicis
1521 2366 1818 2445 scriptum
1848 2368 2055 2446 regale
2082 2368 2425 2430 cothurnis:

908 2475 1178 2552 Quaeque
1207 2474 1406 2552 gravis
1437 2475 1620 2535 debet
1648 2475 1835 2535 verba
1864 2476 2205 2537 cothurnus
2234 2476 2441 2537 hahet-

828 2580 1120 2656 Dictaque
1151 2591 1295 2640 sunt
1323 2578 1524 2652 nobiS‚
1557 2579 1832 2655 quamvis
1861 2596 2079 2642 manus
2107 2581 2319 2644 ultima
2348 2595 2562 2661 coepto

925 2687 1146 2760 Defuit,
1180 2687 1242 2746 in
1272 2686 1458 2746 facies
1487 2703 1753 2764 corpora
1780 2703 1955 2750 versa
1979 2678 2195 2750 novas,

844 2795 1043 2870 Atque
1071 2792 1305 2854 utinam
1335 2809 1588 2854 revoces
1613 2793 1883 2854 animum
1909 2795 2223 2872 paulisper
2248 2797 2327 2858 ab
2356 2797 2473 2870 ira,

913 2903 986 2967 Et
1015 2919 1212 2963 vacuo
1232 2903 1454 2978 jubeas
1485 2901 1627 2964 hinc
1656 2902 1765 2964 tibi
1796 2919 1995 2981 pauca
2024 2905 2167 2983 legi!

832 3007 1049 3079 Pauca,
1083 3007 1304 3084 quibus
1334 3007 1528 3084 prima
1559 3024 1821 3086 surgens
1850 3009 1929 3070 ab
1958 3010 2197 3088 origine
2222 3013 2461 3085 mundi,

916 3115 980 3172 ln
1011 3124 1115 3175 tua
1143 3114 1371 3176 deduxi
1398 3126 1702 3194 tempora,
1735 3117 1960 3189 Caesar,
1994 3135 2182 3194 opus,

833 3219 1148 3296 Adspicias
1179 3231 1474 3296 quantum
1503 3221 1747 3282 dederis
1776 3221 1923 3280 mihi
1950 3223 2220 3296 pectoris
2248 3223 2401 3300 ipse,

917 3325 1170 3401 Quoque
1199 3326 1406 3384 favore
1433 3324 1617 3383 animi
1648 3334 1831 3400 teque
1860 3333 2127 3402 tuosque
2156 3343 2396 3390 canam.

835 3432 965 3491 Non
995 3450 1111 3509 ego
1143 3431 1416 3490 mordaci
1447 3429 1744 3491 destrinxi
1774 3431 2043 3493 carmine
2073 3451 2465 3514 quemquam,

921 3537 1042 3596 Nec
1073 3552 1248 3596 meus
1279 3535 1462 3596 ullius
1493 3536 1751 3597 crimina
1782 3553 1993 3598 versus
2023 3540 2227 3602 habet.

839 3643 1142 3706 Candidus
1172 3660 1205 3706 a
1235 3645 1464 3707 salibus
1493 3646 1737 3709 suffusis
1766 3645 1911 3706 felle
1946 3648 2169 3729 refugi:
