3334 5175
1787 382 2026 451 ...44-

881 520 1001 584 Nec
1031 534 1212 584 nocet
1240 522 1500 593 auctori,
1537 518 1783 582 mollem
1810 522 1915 597 qui
1944 520 2088 581 feeit
2116 520 2434 591 Achillem,

962 629 1286 707 infregisse
1315 627 1442 689 suis
1473 626 1652 689 fortia
1678 626 1841 689 facta
1868 626 2091 689 modis.

877 727 1084 796 lunxit
1111 733 1404 795 Aristides
1431 730 1660 795 Milesia
1688 728 1944 795 crimina
1974 750 2211 795 seeum:

960 826 1176 903 'Pulsus
1203 830 1498 903 Aristides
1527 858 1641 903 nec
1669 851 1875 905 tamen
1904 842 2059 903 urhe
2088 857 2221 903 sua0

879 948 1023 1019 Nec,
1055 947 1159 1024 qui
1188 946 1514 1025 descripsit
1541 947 1859 1024 corrumpi
1886 946 2119 1009 semina
2144 956 2437 1017 matrum.

965 1054 1214 1129 EuhiuS,
1245 1055 1506 1134 impurae
1559 1054 1851 1118 conditor
1878 1052 2173 1127 historiaez

879 1164 1025 1236 Nec,
1059 1164 1161 1241 qui
1189 1162 1537 1241 composuit
1565 1178 1765 1241 nuper
1792 1160 2157 1241 Sybaritida‚
2190 1161 2371 1241 fugitz

963 1270 1084 1333 Nec
1113 1269 1218 1349 qui
1245 1270 1612 1333 concubitus
1640 1289 1767 1332 non
1798 1282 2049 1333 tacuere
2078 1274 2251 1333 suos.

879 1378 1156 1456 Suntque
1182 1394 1254 1439 ea
1281 1378 1608 1439 doctorum
1637 1376 2051 1439 monumentis
2080 1375 2260 1438 mista
2286 1374 2587 1449 virorum,

964 1486 1440 1563 Muneribusque
1468 1486 1697 1547 ducum
1724 1484 1974 1564 publica
2003 1484 2165 1546 facta
2190 1496 2426 1562 patent.

884 1595 1043 1655 Neve
1068 1592 1409 1672 peregrinis
1437 1602 1675 1653 tantum
1702 1591 1997 1653 defendar
2022 1592 2101 1653 ab
2130 1590 2339 1662 armis;

971 1700 1044 1761 Et
1071 1701 1379 1763 Romanus
1407 1698 1592 1762 habet
1619 1697 2050 1773 multajocosa
2079 1696 2257 1759 liber.

893 1808 1092 1883 thue
1121 1822 1236 1865 suo
1262 1804 1514 1865 Martem
1544 1802 1768 1865 cecinit
1792 1800 1995 1881 gravis
2022 1802 2253 1866 Ennius
2282 1820 2412 1873 ore,

973 1912 1201 1973 Ennius
1227 1910 1476 1990 ingenio
1503 1911 1829 1982 maximus,
1860 1920 1995 1973 arte
2022 1906 2219 1982 rudis;

892 2017 1167 2097 Explicat
1195 2027 1262 2079 ut
1289 2033 1506 2078 causas
1533 2016 1731 2094 rapidi
1756 2016 2075 2081 Lucretius
2102 2015 2285 2095 iguis.

975 2124 1428 2201 Causarumque
1457 2122 1683 2201 triplex
1707 2122 2070 2190 vaticinatur
2099 2141 2281 2203 opus;

892 2232 990 2293 Sic
1017 2248 1128 2293 sua
1155 2230 1383 2291 lascivo
1412 2239 1656 2291 cantata
1684 2241 1781 2294 est
1808 2246 1975 2313 saepe
2002 2230 2241 2295 Catullo

974 2339 1268 2412 Foemina,
1301 2338 1402 2401 cui
1429 2338 1650 2405 salsum
1679 2337 1893 2401 Lesbia
1920 2354 2149 2403 nomen
2178 2349 2332 2401 erat.

893 2446 1016 2507 Nec
1043 2455 1369 2506 contentus
1397 2460 1491 2518 ea,
1523 2445 1749 2509 multos
1778 2443 2043 2522 vulgavit
2068 2460 2333 2517 amores,

981 2555 1048 2616 ln
1075 2554 1298 2632 quibus
1323 2553 1458 2632 ipse
1483 2570 1663 2616 suum
1692 2554 1891 2618 fassus
1920 2554 2287 2620 adulterium
2320 2565 2438 2620 est.

901 2661 1015 2721 Par
1041 2658 1153 2720 fuit
1181 2659 1386 2737 exigui
1413 2657 1748 2736 similisque
1770 2659 2011 2725 licentia
2042 2659 2227 2732 calvi,

985 2767 1227 2830 Detexit
1249 2766 1432 2830 variis
1459 2767 1566 2844 qui
1595 2783 1705 2832 sua
1732 2767 1899 2835 furta
1925 2767 2145 2833 modis

903 2875 1056 2947 Quid
1083 2875 1345 2935 referam
1371 2873 1616 2948 Ticidae,
1650 2873 1799 2951 quid
1822 2873 2065 2938 Memmi
2092 2891 2363 2950 carmen,
2394 2878 2558 2954 apud
2586 2895 2741 2954 quos

987 2982 1190 3044 Rebus
1215 2981 1391 3048 adest
1418 2995 1665 3056 nomen,
1699 2980 2171 3060 nominibusque
2199 2982 2430 3059 pudor?

901 3086 1086 3148 Cinna
1111 3103 1358 3165 quoque
1384 3086 1478 3148 his
1505 3103 1715 3154 eomes
1741 3097 1857 3160 est,
1888 3087 2198 3165 Cinnaque
2224 3089 2548 3166 procacior
2574 3089 2788 3161 Anser,

985 3195 1060 3256 Et
1085 3195 1217 3256 leve
1245 3194 1526 3262 Cornifici
1551 3211 1787 3274 parque
1812 3194 2057 3260 catonis
2084 3212 2267 3273 opus.

904 3303 977 3362 Et
1001 3318 1262 3378 quorum
1288 3301 1460 3362 libris
1487 3303 1675 3364 modo
1702 3300 2079 3365 dissimulata
2107 3301 2341 3370 Perillae

987 3406 1262 3479 Nomine,
1295 3423 1458 3470 nunc
1486 3405 1709 3484 legitur
1736 3405 1920 3480 dicta,
1948 3408 2210 3481 Metelle,
2243 3419 2373 3476 tuo.

910 3512 966 3571 Is
987 3529 1233 3589 quoque
1257 3510 1576 3574 Phasiacas
1603 3511 1811 3590 Areon
1840 3513 1943 3591 qui
1972 3513 2146 3580 duxit
2176 3512 2235 3574 in
2268 3516 2487 3586 undas,

988 3620 1120 3680 Non
1149 3618 1350 3696 potuit
1375 3621 1624 3684 Veneris
1651 3622 1815 3686 furta
1843 3634 2053 3688 tacere
2080 3641 2231 3688 suae.

910 3731 1032 3790 Nec
1059 3727 1261 3790 minus
1288 3728 1591 3801 Hortensi,
1623 3747 1741 3791 nec
1769 3741 1912 3794 sunt
1940 3731 2139 3794 minus
2165 3732 2445 3811 improba
2468 3732 2637 3795 servi
