3334 5175
1807 364 2091 420 ——104—

988 500 1050 559 Si
1084 516 1209 559 non
1234 513 1374 574 quae
1407 495 1621 557 nocuit
1648 496 1866 556 dextra
1896 493 2138 557 tulisset
2165 510 2366 574 opem.

906 604 980 664 Et
1004 620 1162 676 mea,
1194 603 1247 663 si
1275 601 1511 663 facinus
1546 601 1786 661 nullum
1823 599 2261 675 commisimuS,
2307 612 2458 679 opto

991 712 1255 772 Vulnera
1282 710 1387 787 qui
1416 710 1581 784 fecit,
1615 709 1774 771 facta
1805 711 2006 771 levare
2035 708 2204 771 velit:

907 821 1365 895 contentusque
1394 817 1512 879 mei
1532 818 1667 893 Jam
1695 818 1939 879 tandem
1975 828 2152 895 parte
2183 818 2447 890 doloris,

988 926 1292 1005 Exiguum
1326 927 1512 1005 pleno
1539 926 1618 987 de
1658 942 1826 986 mare
1855 927 2060 987 demat
2091 942 2297 1002 aquae.

905 1034 1193 1093 Detrahat
1220 1044 1289 1093 ut
1318 1033 1602 1105 multum,
1632 1032 1894 1093 multum
1926 1030 2188 1093 restabit
2215 1031 2450 1093 acerbi:

990 1142 1259 1217 Parsque
1286 1157 1441 1201 meae
1468 1156 1674 1218 poenae
1705 1139 1890 1201 totius
1925 1140 2121 1201 instar
2149 1139 2298 1217 erit.

914 1246 1141 1307 Littora
1178 1258 1331 1322 quot
1358 1247 1651 1320 conchas,
1689 1256 1843 1323 quot
1871 1262 2111 1307 a-moena
2141 1245 2374 1307 rosaria
2401 1245 2620 1316 flores,

994 1353 1226 1424 Quotve
1253 1351 1669 1429 soporiferum
1703 1368 1894 1429 grana
1926 1368 2192 1429 papaver
2220 1351 2426 1423 habet;

915 1456 1072 1517 Silva
1100 1456 1259 1517 seras
1292 1466 1443 1533 quot
1470 1456 1598 1527 alit,
1632 1466 1786 1533 quot
1818 1456 2090 1534 piscibus
2117 1456 2282 1517 unda
2311 1466 2587 1527 natatur,

996 1562 1155 1633 Quot
1186 1574 1471 1622 tenerum
1505 1562 1728 1639 pennis
1757 1578 1902 1623 aera
1930 1563 2137 1641 pulsat
2165 1561 2316 1635 avis3

915 1671 1029 1731 Tot
1056 1686 1305 1748 premor
1332 1670 1626 1741 adversis3
1660 1686 1801 1746 quae
1835 1669 1884 1731 si
1921 1671 2362 1747 comprendere
2391 1686 2610 1742 coner,

998 1776 1205 1837 lcariae
1235 1792 1565 1836 numerum
1600 1775 1807 1837 dicere
1845 1792 2038 1849 coner
2065 1792 2264 1854 aquae.

920 1884 1121 1959 thue
1150 1881 1262 1941 viae
1292 1898 1495 1955 casus,
1530 1893 1601 1944 ut
1631 1898 1836 1943 amara
1865 1881 2139 1959 pericula
2173 1884 2370 1960 ponti,

1003 1992 1079 2052 Ut
1106 2002 1342 2051 taceam
1372 1990 1617 2052 strictas
1648 1991 1711 2050 in
1743 2008 1878 2053 mea
1907 1992 2032 2052 fata
2061 2008 2300 2064 manu-05

924 2099 1187 2159 Barbara
1218 2118 1315 2161 me
1341 2099 1552 2171 telluS‚
1582 2098 1874 2174 orbisque
1904 2097 2228 2158 novissima
2259 2099 2462 2175 magni

1015 2207 1310 2279 Sustinet,
1345 2217 1407 2267 et
1448 2222 1612 2267 saevo
1649 2204 1890 2265 cinctus
1915 2206 1992 2266 ab
2021 2206 2200 2266 hoste
2226 2206 2426 2266 locus.

930 2312 1079 2374 Hinc
1120 2331 1237 2391 ego
1273 2312 1610 2391 trajicerer,
1652 2328 1769 2372 nec
1803 2311 1964 2372 enim
1991 2328 2126 2372 mea
2153 2311 2336 2389 culpa
2363 2323 2619 2373 cruenta
2649 2325 2772 2386 est,

1022 2421 1224 2494 Esset,
1259 2438 1401 2498 quae
1438 2421 1643 2493 debet,
1683 2419 1736 2479 si
1767 2417 1878 2479 tibi
1908 2436 2056 2479 cura
2091 2419 2230 2480 mei.

932 2528 1039 2590 llle
1070 2530 1256 2603 Deus,
1291 2531 1449 2592 bene
1492 2547 1616 2607 quo
1645 2532 1914 2591 Romana
1943 2528 2216 2608 potentia
2247 2529 2388 2590 nixa
2415 2541 2535 2604 est,

1023 2637 1201 2712 Soepe
1230 2653 1345 2695 suo
1375 2636 1571 2696 victor
1599 2635 1755 2696 lenis
1783 2636 1845 2694 in
1875 2637 2052 2697 hoste
2080 2637 2211 2697 fuit.

936 2740 1091 2810 Quid
1120 2740 1386 2815 dubitaS,
1420 2751 1481 2802 et
1512 2750 1644 2802 tuta
1674 2740 1878 2801 times?
1905 2742 2155 2815 accede,
2189 2759 2487 2821 rogaque.

1024 2849 1267 2910 Caesare
1296 2849 1381 2908 nil
1413 2848 1631 2927 ingens
1660 2849 1868 2911 mitius
1897 2850 2066 2912 orbis
2097 2850 2302 2914 habet.

934 2957 1027 3016 Me
1057 2954 1371 3016 miserum!
1406 2956 1553 3032 quid
1592 2972 1791 3034 agam,
1826 2956 1877 3018 si
1903 2957 2184 3034 proxima
2208 2975 2472 3038 quaeque
2498 2961 2884 3038 relinquunt?

1014 3061 1335 3123 Subtrahis
1371 3063 1625 3124 effracto
1657 3074 1722 3124 tu
1754 3081 2002 3141 quoque
2041 3066 2200 3126 colla
2231 3067 2413 3144 jugo?

933 3168 1063 3239 Quo
1092 3168 1286 3229 ferar?
1320 3170 1490 3230 unde
1519 3179 1729 3248 petam
1752 3169 1939 3247 lapsis
1975 3170 2190 3231 solatia
2231 3172 2444 3234 rebus?

1018 3276 1301 3337 Anchora
1326 3278 1460 3354 jam
1490 3288 1771 3338 nostram
1806 3294 1934 3337 non
1966 3288 2134 3339 tenet
2161 3279 2285 3338 ulla
2315 3290 2528 3340 ratem.

940 3381 1193 3442 Viderit:
1228 3383 1361 3460 ipse
1384 3399 1621 3442 sacram
1654 3381 1934 3458 quamvis
1953 3381 2184 3444 invisus
2209 3385 2286 3445 ad
2313 3401 2480 3446 aram

1026 3486 1407 3563 confugiam
1446 3487 1645 3547 nullas
1675 3499 2020 3550 summovet
2047 3505 2150 3549 ara
2183 3506 2419 3551 manus,

948 3591 1267 3666 Adloquor
1296 3610 1371 3652 en
1404 3593 1631 3654 absens
1658 3594 1992 3671 praesentia
2019 3595 2268 3655 numina
2295 3597 2582 3674 supplem

1030 3696 1090 3758 Si
1127 3696 1217 3756 sas
1250 3708 1342 3757 est
1370 3698 1603 3758 homini
1630 3717 1772 3758 cum
1802 3701 1949 3760 Jove
1979 3717 2163 3777 posse
2198 3701 2386 3777 loqui.
