3334 5175
1847 344 2134 405 ——usa

978 490 1177 567 thue
1208 499 1449 557 canem,
1480 481 1720 562 pavidae
1761 490 2010 541 nactum
2037 475 2290 555 vestigia
2317 484 2540 547 cerm,

1064 598 1420 657 Luctantem
1448 592 1678 653 frustra
1707 590 1930 668 copula
1960 590 2114 649 dura
2140 596 2332 658 tenet;

980 703 1179 781 thue
1205 702 1371 762 fores
1398 700 1674 761 nondum
1701 696 1956 760 reserati
1986 692 2255 756 carceris
2284 709 2429 753 acer

1064 812 1235 873 Nunc
1264 811 1444 888 pede,
1478 826 1642 871 nunc
1673 808 1807 887 ipsa
1833 808 2060 879 fronte,
2092 802 2338 866 lacessit
2366 818 2586 879 equus3

982 916 1080 979 Sic
1108 933 1265 987 mea,
1296 917 1432 994 lege
1458 916 1599 977 data
1626 914 1828 975 vincta
1855 925 2038 991 atque
2065 912 2322 984 inclusa,
2354 907 2560 969 Thalia

1064 1024 1177 1084 Per
1206 1023 1449 1084 titulum
1478 1021 1642 1083 vetiti
1671 1020 1934 1081 nominis
1962 1019 2052 1079 ire
2075 1018 2266 1096 cupit.

984 1133 1069 1195 Ne
1096 1143 1301 1194 tamen
1328 1130 1525 1191 officio
1554 1128 1842 1189 memoris
1871 1126 2112 1189 laedaris
2155 1125 2356 1197 amici,

1069 1240 1300 1302 Parebo
1322 1237 1537 1315 jussis,
1569 1253 1758 1315 parce
1785 1235 2024 1308 timere,
2053 1233 2198 1295 tuis.

986 1346 1063 1408 At
1100 1363 1225 1407 non
1252 1361 1555 1423 parerem,
1610 1342 1726 1403 nisi
1756 1342 1808 1403 si
1837 1340 2186 1402 meminisse
2213 1350 2492 1417 putares:

1072 1456 1199 1515 Hoc
1226 1453 1394 1531 quod
1422 1469 1547 1512 non
1579 1451 1865 1530 prohibet
1893 1468 2013 1511 vox
2039 1459 2167 1521 tua,
2201 1458 2414 1527 gratus
2443 1462 2575 1507 ero.

991 1561 1289 1636 numque,
1322 1560 1487 1635 quod
1516 1576 1555 1619 o
1583 1559 1770 1618 breve
1798 1556 1897 1618 sit!
1928 1557 2136 1616 lumen
2161 1555 2362 1616 solare
2389 1552 2632 1625 videbo,

1078 1665 1309 1727 Serviet
1337 1665 1538 1727 officio
1568 1665 1819 1743 spiritus
1846 1665 1962 1725 iste
1991 1675 2120 1725 tuo.

1679 1884 2046 1941 ELEGIA
2089 1884 2191 1939 x-

1002 2094 1079 2157 Ut
1108 2111 1319 2157 sumus
1348 2094 1407 2154 in
1438 2096 1655 2167 Ponto,
1691 2103 1786 2154 ter
1821 2093 2048 2172 frigore
2079 2094 2352 2156 constitit
2388 2096 2566 2166 Ister;

1084 2202 1266 2262 Facta
1294 2210 1389 2261 est
1416 2198 1632 2261 Euxini
1663 2200 1818 2260 dura
1847 2210 1940 2261 ter
1961 2201 2122 2261 unda
2153 2200 2358 2261 mai-is.

1008 2311 1083 2371 At
1110 2311 1255 2371 mihi
1275 2310 1405 2387 J‘am
1434 2309 1644 2371 videor
1673 2309 1868 2388 patria
1896 2313 2114 2387 procul
2145 2328 2282 2373 esse
2312 2321 2406 2372 tot
2433 2311 2632 2385 annis,

1092 2420 1369 2481 Dardana
1390 2429 1542 2497 quot
1562 2419 1742 2480 Graio
1769 2420 1949 2495 Troja
1979 2422 2094 2480 sub
2124 2421 2301 2482 hoste
2329 2420 2463 2481 fuit.

1008 2528 1179 2590 Stare
1206 2538 1409 2606 putes»,
1441 2528 1595 2587 adeo
1622 2528 1971 2606 procedunt
2000 2540 2278 2607 tempora
2321 2530 2513 2603 tarde,

1095 2637 1172 2697 Et
1198 2635 1439 2713 peragit
1465 2635 1646 2697 lentis
1677 2636 1958 2714 passibus
1991 2655 2188 2698 annus
2218 2639 2354 2699 iter.

1015 2745 1137 2804 Nec
1166 2742 1312 2803 mihi
1342 2743 1669 2804 solstitium
1699 2744 2029 2821 quidquam
2059 2746 2136 2805 de
2166 2745 2449 2806 noctibus
2477 2746 2696 2820 ausert3

1098 2848 1297 2911 Efficit
1318 2860 1611 2929 angustos
1642 2867 1757 2912 nec
1788 2851 1933 2912 mihi
1960 2853 2178 2913 bruma
2207 2851 2360 2914 dies.

1018 2957 1260 3018 Scilicet
1288 2957 1351 3016 in
1380 2957 1558 3019 nobis
1587 2975 1795 3019 rerum
1824 2968 2041 3018 natura
2071 2969 2289 3019 novata
2319 2970 2436 3032 est,

1104 3066 1375 3143 Cumque
1404 3066 1554 3128 meis
1584 3067 1750 3128 curis
1779 3066 1984 3128 omnia
2026 3068 2212 3146 longa
2239 3067 2406 3128 facit.

1018 3173 1173 3233 Num
1202 3185 1504 3253 peragunt
1532 3174 1747 3236 solitos
1778 3175 2126 3235 communia
2156 3185 2435 3253 tempora
2463 3186 2690 3250 motus,

1111 3285 1387 3361 Suntque
1414 3283 1607 3361 magis
1638 3283 1777 3344 vitae
1805 3293 2086 3360 tempora
2114 3285 2268 3344 dura
2291 3285 2475 3346 meae?

1024 3391 1212 3462 Quem
1234 3401 1404 3452 tenet
1430 3389 1646 3450 Euxini
1677 3389 1942 3452 mendax
1971 3390 2336 3467 cognomine
2365 3393 2532 3466 lituS,

1108 3501 1183 3561 Et
1207 3498 1469 3578 Scythici
1500 3515 1642 3560 vere
1671 3509 1834 3560 terra
1865 3497 2109 3560 sinistra
2133 3500 2297 3561 freti.

1024 3607 1369 3668 Innumerae
1397 3607 1561 3669 circa
1590 3618 1806 3686 gentes
1833 3608 1963 3670 fera
1990 3609 2152 3669 bella
2181 3608 2515 3682 minantur,

1111 3712 1257 3782 Quae
1284 3712 1397 3773 sibi
1442 3731 1566 3773 non
1594 3724 1772 3792 rapto
1805 3714 2009 3775 vivere
2043 3726 2222 3794 turpe
2252 3725 2488 3793 putant.
