3334 5175
1794 359 2034 417 ...54-

885 486 1004 546 Nec
1027 485 1171 546 mihi
1211 500 1354 562 pars
1384 484 1594 545 nocuit
1623 484 1701 545 de
1722 484 1965 562 gurgite
1982 499 2201 563 parva:
2234 486 2343 549 sed
2372 500 2588 551 omne·

967 594 1252 653 Pressere
1269 593 1387 652 hoc
1419 591 1664 665 fluctus,
1704 591 2105 669 Oceanusque
2128 604 2333 672 caput.

883 698 1002 758 Cur
1041 696 1266 775 aliquid
1293 696 1441 759 vidi?
1475 715 1588 759 cur
1609 697 1795 759 noxia
1822 698 2053 759 lumina
2074 698 2223 761 feci?

966 802 1085 862 Cur
1116 802 1488 881 imprudenti
1511 802 1757 883 cognita
1780 804 1961 881 culpa
1982 803 2126 866 mihi
2152 806 2276 867 est?

882 906 1116 969 Inscius
1149 908 1400 969 Actaeon
1420 908 1567 970 vidit
1600 907 1735 969 sine
1771 919 1941 969 veste
1970 908 2243 971 Dianam:

973 1015 1186 1075 Praeda
1214 1014 1327 1075 fuit
1353 1014 1608 1076 canibus
1638 1032 1765 1076 uon
1793 1014 1995 1077 minus
2022 1015 2125 1077 ille
2168 1015 2318 1077 suis.

889 1119 1130 1181 Scilicet
1147 1120 1208 1179 in
1235 1120 1481 1199 Superis
1502 1120 1683 1182 etiam
1712 1120 1955 1183 fortuna
1988 1121 2213 1184 luenda
2236 1117 2374 1194 est,‘

971 1227 1093 1288 Nec
1124 1226 1361 1287 veniam
1391 1228 1540 1289 laeso
1565 1227 1813 1289 numine
1842 1242 2023 1289 casus
2052 1229 2258 1289 habet.

889 1334 998 1395 Illa
1027 1350 1290 1411 namque
1323 1334 1443 1408 die,
1490 1352 1608 1412 qua
1641 1352 1741 1396 me
1768 1335 1966 1397 malus
1994 1336 2243 1399 abstulit
2270 1352 2469 1410 error,

971 1440 1156 1501 Parva
1184 1439 1430 1517 quidem
1444 1440 1644 1519 periit,
1678 1442 1787 1503 sed
1816 1441 1947 1503 sine
1985 1442 2145 1515 labe,
2184 1442 2427 1505 domus.

891 1548 989 1610 Sic
1012 1565 1258 1626 quoque
1280 1566 1466 1627 parva
1504 1561 1731 1624 tamen,
1756 1551 1956 1628 patrio
1980 1551 2219 1613 dicatur
2246 1562 2315 1613 ut
2340 1568 2475 1613 aevo

975 1658 1170 1731 Clara,
1203 1674 1318 1718 nec
1347 1658 1532 1719 ullius
1557 1658 1875 1723 nobilitate
1902 1660 2125 1731 minoi-3

894 1764 967 1824 Et
987 1780 1190 1840 neque
1219 1763 1460 1837 divitiis,
1490 1781 1606 1825 nec
1634 1775 1995 1843 paupertate
2024 1766 2315 1838 notanda,

993 1869 1164 1930 Unde
1185 1868 1264 1929 sit
1283 1869 1345 1929 in
1375 1880 1660 1931 neutrum
1690 1869 2162 1947 conspiciendus
2180 1887 2393 1947 eques

895 1976 982 2038 Sit
1011 1995 1256 2056 quoque
1273 1989 1486 2039 nostra
1513 1979 1755 2052 domus,
1786 1978 1881 2039 vel
1910 1996 2104 2041 censu
2131 1995 2338 2056 parva,
2369 1982 2465 2042 vel
2499 1991 2659 2053 ortu,

977 2082 1228 2161 Ingenio
1256 2095 1424 2145 certe
1451 2101 1576 2145 non
1596 2086 1746 2145 latet
1768 2084 1871 2146 illa
1904 2100 2065 2146 meo,

895 2192 1024 2262 Quo
1052 2188 1259 2251 videar
1286 2189 1560 2267 quamvis
1593 2189 1847 2251 nimium
1866 2189 2217 2265 juveniliter
2244 2208 2417 2263 usuS,

981 2296 1221 2359 Grande
1249 2308 1452 2359 tamen
1475 2307 1606 2358 toto
1637 2313 1862 2358 nomen
1902 2298 1979 2358 ab
2008 2298 2159 2359 orbe
2179 2298 2331 2360 fero.

901 2407 1228 2481 Turbaque
1252 2406 1577 2466 doctorum
1605 2405 1907 2467 Nasonem
1927 2405 2117 2479 novit,
2148 2416 2211 2467 et
2240 2407 2426 2469 audet

986 2513 1119 2572 Non
1148 2512 1434 2574 fastiditis
1461 2513 1869 2574 adnumerare
1894 2513 2059 2575 viris.

905 2617 1150 2679 Corruit
1177 2618 1312 2678 haec
1340 2617 1527 2696 igitur
1545 2617 1731 2677 Musis
1759 2627 2035 2694 accepta,
2068 2619 2183 2680 sub
2204 2637 2353 2692 unc,

991 2723 1112 2783 Sed
1139 2739 1265 2782 non
1298 2721 1520 2800 exiguo
1551 2720 1830 2796 crimine,
1863 2723 2035 2802 lapsa
2063 2724 2306 2786 domus.

908 2830 1104 2908 Atque
1132 2844 1204 2890 ea
1233 2827 1320 2890 sic
1339 2826 1510 2906 lapsa
1539 2839 1654 2901 est,
1683 2838 1753 2890 ut
1780 2845 2057 2907 surgere,
2076 2828 2129 2890 si
2158 2830 2343 2892 modo
2372 2831 2503 2894 laesi

993 2935 1403 2998 Ematuruerit
1429 2935 1683 2998 Caesaris
1710 2936 1823 3010 ira,
1855 2948 2060 3014 queat.

914 3040 1098 3118 Cujus
1129 3041 1190 3102 in
1213 3053 1434 3102 eventu
1461 3059 1666 3119 poenae
1695 3042 2015 3104 clementia
2043 3053 2213 3104 tanta
2231 3054 2347 3119 est,

994 3150 1070 3210 Ut
1097 3149 1280 3210 fuerit
1309 3161 1526 3212 nostro
1554 3149 1753 3211 lenior
1780 3149 1872 3211 ira
1900 3161 2087 3212 metu.

921 3254 1054 3316 Vita
1083 3256 1222 3317 data
1251 3268 1365 3328 est,
1393 3255 1668 3331 citraque
1688 3273 1901 3316 necem
1933 3266 2035 3316 tua
2055 3256 2326 3318 constitit
2350 3258 2461 3330 ira,

993 3363 1038 3422 Ο
1065 3362 1379 3440 princepS,
1413 3377 1620 3439 parce,
1655 3360 1884 3420 viribus
1914 3378 2025 3421 use
2056 3361 2197 3422 tuis,

923 3467 1180 3544 ‘nsuper
1205 3467 1526 3539 accedunt,
1563 3476 1620 3526 te
1649 3483 1773 3526 non
1802 3466 2128 3542 adimente,
2160 3479 2458 3546 paternae,

995 3575 1304 3650 Tanquam
1332 3573 1451 3634 vita
1477 3551 1695 3652 parum
1725 3575 1995 3636 muneris
2024 3588 2209 3650 esset,
2242 3595 2414 3656 opes,

933 3683 1044 3750 Nec
1075 3698 1208 3743 mea
1240 3682 1488 3743 decreto
1518 3682 1817 3743 damnasti
1845 3682 2002 3744 facta
2033 3695 2299 3758 senatus,
