3334 5175
1764 327 2009 381 -72-

1545 561 1897 621 unc-*ru
1939 560 2131 620 111.

853 776 1101 854 Frigora
1123 776 1253 851 jam
1281 768 1534 850 Zephyri
1564 772 1869 845 minuunt,
1900 785 2189 847 annoque
2216 780 2497 847 peracto,

939 880 1204 959 Longior
1244 878 1510 956 antiquis
1538 879 1668 941 visa
1696 879 1929 941 Maeotis
1958 880 2199 956 hyems:

862 986 1336 1065 Impositamque
1365 982 1480 1045 sibi
1511 984 1616 1062 qui
1643 1001 1769 1049 non
1796 986 1956 1047 bene
1980 982 2237 1062 pertulit
2262 978 2501 1056 Hellen,

939 1097 1240 1172 Tempora
1269 1094 1594 1155 nocturnis
1621 1110 1801 1171 aequa
1828 1093 2047 1155 diurna
2079 1070 2273 1172 ίὶιοίι,ι

855 1205 986 1263 Jam
1013 1202 1234 1263 violam
1261 1200 1558 1279 puerique
1581 1202 1797 1278 legunt
1826 1202 2179 1277 hilaresque
2203 1202 2458 1277 puellae,
2478 1090 2758 1302 W

939 1306 1184 1365 Rustica
1224 1322 1411 1382 quam
1435 1306 1608 1365 nullo
1643 1316 1811 1368 terra
1838 1314 2089 1367 serente
2112 1304 2297 1381 geritx
2324 1372 2327 1375 ⁴

861 1412 1160 1486 Prataque
1187 1410 1538 1487 pubescunt
1562 1410 1875 1471 variorum
1903 1410 2057 1470 flore
2084 1410 2393 1481 colorum,

933 1517 1306 1594 indocilique
1331 1518 1561 1592 loquax
1587 1524 1841 1592 gutture
1866 1523 2079 1579 vernat
2104 1514 2285 1578 avis..
2367 1560 2376 1569 .

866 1622 1064 1697 thue
1091 1622 1267 1680 malae
1295 1620 1530 1681 crimen
1558 1620 1771 1681 matris
1798 1620 2073 1697 deponat
2098 1618 2418 1691 hirundo,-

950 1729 1074 1790 Sub
1105 1728 1378 1789 trabibus
1405 1744 1596 1789 cunas
1629 1744 1938 1805 parvaque
1971 1736 2133 1790 tecta
2160 1728 2333 1791 facit
2586 1742 2661 1850 φ)

869 1837 1212 1911 Herbaque,
1247 1852 1386 1913 quae
1412 1835 1589 1898 latuit
1613 1834 1965 1901 Cerealibus
1992 1836 2215 1897 obruta
2240 1835 2435 1898 sulcis
2440 1844 2503 1915 ,it
2484 1766 2620 1939 Q

959 1943 1203 2003 Exserit
1229 1960 1264 2003 e
1293 1943 1500 2021 tepida
1529 1944 1717 2007 molle
1744 1959 2041 2008 cacumen
2068 1943 2309 2011 humo:

877 2048 1132 2124 Quoque
1159 2049 1300 2109 loco
1329 2058 1424 2109 est
1449 2048 1610 2120 vitiS,
1641 2050 1721 2109 de
1757 2048 2007 2125 palmite
2032 2064 2275 2127 gemma
2292 2057 2601 2113 movetur-2

967 2154 1113 2212 Nam
1140 2154 1355 2231 procul
1383 2169 1418 2212 a
1448 2153 1656 2215 Getico
1676 2154 1885 2217 littore
1908 2154 2047 2221 vitis
2074 2155 2267 2218 abest.

871 2260 1128 2336 Quoque
1153 2261 1296 2321 loco
1329 2270 1422 2320 est
1448 2262 1652 2333 arbor,
1685 2261 1983 2337 turgescit
2008 2261 2073 2324 in
2100 2262 2323 2323 arbore
2352 2277 2587 2323 ramus:

959 2369 1106 2428 Nam
1136 2368 1356 2444 procul
1385 2383 1420 2426 a
1448 2367 1673 2435 Geticis
1698 2367 1921 2431 finibus
1950 2369 2139 2431 arbor
2168 2370 2364 2432 abest.
2476 2448 2483 2453 ῃ

871 2471 998 2531 Otia
1028 2488 1193 2530 nunc
1225 2470 1384 2540 istic,
1409 2472 1767 2545 junctisque
1798 2488 1877 2536 ex
1904 2472 2120 2539 ordine
2146 2472 2309 2536 ludis
2366 2513 2370 2518 -
2408 2504 2415 2513 ·

968 2577 1203 2636 Cedunt
1229 2576 1476 2636 verbosi
1504 2577 1751 2654 garrula
1778 2576 1938 2638 bella
1964 2576 2101 2638 fori.

874 2685 1031 2744 Usus
1061 2681 1204 2758 equi
1231 2699 1395 2741 nunc
1427 2692 1542 2754 est,
1575 2681 1813 2742 levibus
1840 2698 2006 2744 nunc
2033 2682 2269 2746 luditur
2295 2684 2506 2746 armis:

953 2789 1127 2848 Nunc
1156 2787 1301 2864 pila,
1335 2804 1498 2848 nunc
1537 2784 1723 2848 celeri
1751 2785 2010 2849 volvitur
2036 2788 2191 2848 orbe
2217 2789 2475 2854 trochus
2482 2781 2545 2882 ,Q
2554 2753 2665 2862 ὦ),

871 2895 1067 2966 Nunc,
1103 2893 1206 2954 ubi
1235 2892 1484 2970 perfusa
1513 2903 1606 2954 est
1635 2894 1778 2954 oleo
1804 2893 2046 2957 labente
2066 2894 2383 2970 juventus,

950 2999 1236 3060 Defessos
1269 3009 1442 3059 artus
1472 2998 1709 3076 virgine
1738 2997 1915 3077 tingit
1940 3015 2119 3076 aqua.

861 3107 1055 3167 Scena
1085 3106 1267 3184 viget,
1289 3104 1632 3182 studiisque
1658 3106 1831 3169 favor
1856 3105 2223 3176 distantibus
2252 3111 2494 3182 ardet,
2533 3119 2558 3152 .-

947 3213 1186 3289 Proque
1221 3212 1417 3273 tribus
1445 3223 1741 3274 resonant
1770 3223 1943 3276 terna
1978 3215 2217 3280 theatra
2246 3215 2417 3280 foris.
2492 3199 2529 3282 ¹.

865 3321 910 3379 Ο
939 3331 1174 3397 quater,
1212 3331 1273 3380 et
1302 3320 1544 3396 quoties
1581 3339 1709 3380 non
1730 3332 1825 3382 est
1853 3339 2199 3398 numerare,
2232 3326 2539 3398 beatum„

954 3428 1085 3488 Non
1115 3426 1440 3489 interdicta
1470 3427 1570 3488 cui
1601 3427 1745 3489 licet
1772 3431 1927 3492 urbe
1954 3431 2093 3493 frui!

881 3532 955 3590 At
985 3530 1131 3589 mihi
1160 3530 1420 3591 sentitur
1447 3533 1554 3592 nix
1583 3551 1775 3596 verno
1808 3536 1938 3598 sole
1966 3537 2189 3610 soluta,

963 3633 1231 3717 Quaeque
1262 3640 1399 3701 lacu
1430 3643 1586 3704 duro
1618 3642 1721 3704 vix
1752 3643 2062 3706 fodiantur
2087 3662 2285 3724 aquae.
