3334 5175
1330 350 1574 411 „55-

404 480 526 541 Nec
563 477 828 541 dominae
857 477 1142 556 lacrymis
1172 478 1240 537 in
1264 489 1478 541 nostra
1504 480 1870 543 cadentibus
1902 498 2013 543 ora

485 586 798 647 Accedent
829 584 934 646 ani
945 600 1062 646 mae
1093 595 1380 663 tempora
1411 601 1601 663 parva
1631 587 1814 647 meae?

400 694 524 755 Nec
555 692 841 753 mandata
871 691 1063 753 dabo?
1094 707 1212 751 nec
1245 708 1392 751 cum
1421 692 1695 752 clamore
1726 708 2017 770 supremo

509 801 894 878 Languentes
923 800 1144 860 oculos
1173 799 1420 861 claudet
1447 799 1640 861 amica
1667 800 1913 861 manus?

420 908 546 968 Sed
577 906 707 967 sine
735 904 1056 965 funeribus
1084 916 1270 983 caput
1299 906 1442 979 hoc,
1475 905 1611 967 sine
1640 906 1879 967 honore
1906 906 2177 985 sepulcri

491 1014 964 1091 Indeploratum
991 1014 1258 1074 barbara
1285 1022 1456 1073 terra
1489 1014 1689 1091 teget?

427 1121 661 1197 Ecquid
689 1131 758 1181 ut
785 1119 1074 1193 audieriS,
1107 1129 1240 1181 tota
1269 1120 1600 1182 turbabere
1629 1131 1858 1195 mente,

513 1228 582 1287 El
611 1226 794 1288 feries
824 1226 1040 1304 pavida
1075 1236 1329 1304 pectora
1357 1227 1476 1289 fida
1505 1229 1719 1289 manu?

413 1335 660 1411 Ecquid
687 1335 750 1393 in
781 1336 890 1394 has
917 1334 1148 1397 frustra
1177 1336 1436 1397 tendens
1475 1346 1578 1398 tua
1607 1335 1857 1398 brachia
1884 1347 2115 1415 partes,

505 1440 808 1501 clamabis
839 1439 1046 1501 miseri
1077 1456 1302 1501 nomen
1331 1440 1512 1501 inane
1537 1440 1679 1501 viri?

416 1549 605 1607 Parce
634 1558 838 1608 tamen
867 1548 1141 1609 lacerare
1169 1563 1382 1625 genas:
1421 1564 1538 1609 nec
1571 1548 1783 1610 scinde
1812 1548 2091 1627 capillos.

513 1654 640 1714 Non
673 1652 779 1715 tibi
816 1670 980 1713 nunc
1011 1653 1300 1731 primum,
1335 1655 1441 1713 lux
1468 1670 1626 1727 mea,
1661 1666 1875 1733 raptus
1904 1673 2036 1717 ero.

438 1761 636 1831 Quum
665 1761 920 1839 patriam
950 1760 1144 1833 amisi,
1179 1771 1308 1823 tum
1335 1777 1436 1823 me
1467 1762 1725 1839 periisse
1752 1773 1989 1841 putato:

507 1868 577 1927 Et
604 1867 797 1945 prior,
841 1876 904 1928 et
933 1866 1178 1945 gravior
1205 1882 1376 1927 mors
1403 1866 1518 1928 fuit
1545 1866 1646 1929 illa
1676 1867 1843 1929 mihi.

413 1978 610 2050 Nunc,
645 1977 697 2037 si
743 1977 906 2037 forte
937 1986 1140 2055 potes,
1174 1977 1284 2038 sed
1314 1992 1440 2037 non
1467 1987 1668 2055 potes,
1702 1977 1928 2056 optima
1956 1979 2206 2055 conjux,

520 2083 732 2144 Finitis
759 2086 960 2163 gaude
990 2094 1076 2145 tot
1099 2082 1246 2145 mihi
1272 2094 1472 2145 morte
1499 2084 1697 2145 malis,

432 2189 620 2271 Quam
658 2199 862 2267 poteS‚
897 2187 1171 2251 extenua
1191 2190 1335 2251 forti
1363 2190 1524 2251 mala
1551 2191 1741 2251 corde
1770 2190 2049 2261 ferendm

506 2298 602 2360 Ad
638 2299 798 2359 mala
822 2297 1194 2375 jampridem
1221 2314 1346 2359 non
1373 2300 1526 2360 rude
1561 2308 1781 2377 pectus
1808 2300 2022 2361 habes.

431 2403 628 2480 Atque
655 2404 888 2466 utinam
920 2414 1176 2482 pereant
1203 2405 1422 2465 animae
1449 2422 1591 2467 cum
1621 2421 1887 2484 corpore
1914 2414 2165 2479 nostrae,

503 2511 884 2589 Effugiatque
915 2511 1128 2572 avidos
1160 2528 1305 2589 pars
1336 2511 1483 2572 mihi
1510 2512 1679 2572 nulla
1706 2511 1915 2592 rogos!

423 2617 570 2676 Nam
603 2616 656 2676 si
685 2627 887 2684 morte
917 2631 1140 2678 carens
1171 2633 1428 2678 vacuam
1455 2618 1620 2678 volat
1645 2618 1807 2678 altus
1832 2618 1897 2678 in
1922 2633 2135 2682 auram

512 2722 793 2799 SpirituS,
829 2732 892 2784 et
920 2722 1107 2784 Samii
1135 2734 1280 2784 sunt
1307 2734 1440 2785 rata
1473 2723 1636 2786 dicta
1663 2723 1851 2798 senis;

425 2830 588 2890 Inter
617 2829 984 2891 Sarmaticas
1019 2832 1289 2892 Romana
1323 2831 1640 2909 vagabitur
1674 2832 1946 2905 umbraS,

504 2936 738 3014 Perque
765 2936 932 2996 feros
975 2937 1182 2998 Manes
1211 2937 1452 3014 hospita
1481 2955 1727 3015 semper
1754 2937 1891 2999 erit.
1934 2949 1943 2958 ·

427 3043 572 3104 Ossa
598 3054 804 3105 tamen
832 3043 1016 3106 facito
1050 3060 1238 3122 parva
1265 3045 1610 3106 referantur
1637 3045 1701 3104 in
1728 3058 1905 3106 urna.

505 3154 603 3215 Sic
631 3172 749 3234 ego
777 3172 904 3215 non
933 3153 1434 3222 etiammortuus
1467 3156 1643 3214 exsul
1674 3171 1808 3214 ero.
2474 3227 2495 3236 φ

421 3259 542 3320 Nec
575 3270 736 3321 vetat
757 3262 876 3322 hoc
907 3260 1263 3339 quisquam:
1295 3261 1567 3320 Fratrem
1596 3261 1881 3320 Thebana
1910 3272 2300 3340 peremptum
2338 3247 2576 3338 93¹⁹st

511 3369 847 3446 Supposuit
883 3371 1146 3442 tumulO,
1183 3387 1330 3448 rege
1359 3378 1622 3442 vetante,
1657 3387 1855 3430 soror.

425 3476 619 3553 Atque
648 3494 720 3537 ea
744 3495 884 3538 cum
916 3476 1076 3538 foliis
1107 3487 1168 3538 et
1197 3478 1424 3537 amomi
1454 3479 1711 3554 pulvere
1742 3479 1952 3568 misce,

514 3583 698 3660 inque
729 3583 1084 3644 suburbano
1115 3581 1361 3642 condita
1388 3598 1552 3659 pone
1581 3584 1736 3644 solo.
1784 3537 2137 3636 Μ

427 3689 710 3768 Quosque
737 3692 902 3769 legat
929 3705 1144 3750 versus
1170 3690 1356 3752 oculo
1385 3703 1759 3769 properante
1788 3693 2007 3765 viator,
