3334 5175
1373 374 1613 433 -472

540 505 932 564 Adsueseunt
958 500 1122 561 oculi
1151 501 1341 563 multa
1367 503 1656 579 pudenda
1685 502 1832 580 pati.

456 614 732 690 Cumque
760 610 972 672 fefellit
999 626 1209 671 amans
1235 610 1436 687 aliqua
1465 610 1733 671 novitate
1761 611 2067 684 maritum,

533 720 866 782 plauditur:
899 730 962 779 et
989 734 1212 797 magno
1241 720 1443 796 palma
1473 720 1683 780 favore
1710 720 1911 781 datur.

448 828 747 905 Quodque
775 827 976 887 minus
1001 829 1278 904 prodest,
1311 844 1497 904 poena
1527 838 1621 888 est
1648 828 1895 889 lucrosa
1923 838 2147 907 poetae:

529 936 840 1009 Tantaque
865 948 994 993 non
1020 948 1212 1009 parvo
1239 931 1495 993 crimina
1523 943 1757 1010 praetor
1786 933 1955 993 emit.

455 1038 697 1116 Inspice
725 1038 1016 1099 ludorum
1045 1048 1348 1115 sumptuS,
1382 1038 1676 1115 Auguste,
1708 1048 1981 1101 tuorum:

539 1145 758 1222 Empta
784 1143 896 1205 tibi
921 1160 1147 1221 magno
1175 1143 1318 1205 talia
1347 1145 1540 1205 multa
1566 1145 1760 1223 leges.

469 1254 608 1315 Haec
638 1264 708 1315 tu
739 1252 1054 1332 spectasti,
1087 1254 1546 1331 spectandaque
1573 1270 1741 1332 saepe
1770 1256 2011 1317 dedisti.

542 1363 828 1439 MaJestas
855 1363 1010 1423 adeo
1039 1362 1236 1423 comis
1265 1363 1496 1440 ubique
1521 1373 1628 1423 tua
1659 1374 1777 1423 est.

458 1468 934 1545 Luminibusque
959 1469 1104 1542 tuiS,
1136 1479 1307 1531 totus
1334 1470 1560 1546 quihus
1587 1469 1780 1531 utitur
1808 1471 1999 1542 orbis,

534 1573 788 1635 Scenica
818 1574 1018 1636 vidisti
1044 1576 1249 1636 lentus
1278 1574 1598 1636 adulteria.

465 1680 748 1741 Scribere
773 1680 824 1740 si
851 1679 941 1741 fas
971 1689 1066 1741 est
1093 1678 1400 1741 imitantes
1425 1680 1631 1759 turpia
1659 1682 1883 1753 minoe,

540 1786 804 1847 Materiae
831 1786 1034 1848 minor
1061 1798 1156 1849 est
1183 1786 1388 1848 debita
1415 1804 1601 1865 poena
1629 1803 1806 1848 meae.

472 1894 560 1954 An
590 1910 786 1971 genus
815 1895 934 1953 hoc
963 1894 1176 1971 scripti
1203 1894 1433 1955 faciunt
1461 1911 1570 1955 sua
1597 1895 1834 1972 pulpita
1864 1906 2083 1968 tutum,

539 2002 836 2079 Quodque
864 2003 1032 2075 libet,
1065 2002 1264 2064 mimis
1295 2020 1480 2065 scena
1500 2004 1688 2065 licere
1716 2004 1913 2066 dedit?

455 2110 531 2169 Et
563 2126 698 2169 mea
729 2118 874 2170 sunt
903 2112 1137 2189 populo
1167 2112 1384 2171 saltata
1412 2121 1701 2187 poemata
1729 2127 1919 2187 saepe:
1994 2167 2009 2183 ,

538 2218 712 2294 Saepe
741 2218 961 2278 oculos
989 2217 1172 2277 etiam
1201 2216 1522 2279 detinuere
1549 2227 1716 2278 tuos.

451 2323 696 2384 Scilicet
726 2324 788 2383 in
820 2324 1108 2385 domibus
1136 2323 1354 2385 vestris
1382 2334 1450 2385 ut
1476 2323 1684 2402 prisca
1714 2324 1985 2385 virorum

539 2428 766 2491 Artifici
793 2429 1034 2508 fulgent
1062 2446 1327 2508 corpora
1355 2430 1521 2508 picta
1549 2446 1763 2504 manu;

451 2536 550 2598 Sic
580 2553 720 2614 quae
747 2536 1114 2598 concubitus
1141 2536 1342 2598 varios
1370 2535 1746 2615 Venerisque
1774 2536 2001 2616 figuras

532 2643 866 2720 Exprimat,
897 2653 992 2704 est
1020 2643 1228 2720 aliquo
1256 2659 1446 2720 parva
1477 2644 1704 2704 tabella
1733 2643 1899 2704 loco.

449 2751 646 2828 thue
677 2751 850 2811 sedet
876 2752 1050 2812 vultu
1077 2751 1276 2812 fassus
1303 2752 1696 2812 Telamonius
1722 2751 1900 2823 iram,

535 2858 726 2934 Inque
755 2857 951 2918 oculis
979 2857 1218 2918 facinus
1246 2859 1509 2918 barbara
1538 2868 1733 2918 mater
1761 2858 1968 2928 haben

453 2965 550 3026 Sic
581 2947 860 3026 madidos‘
887 2965 1076 3027 siccat
1104 2964 1306 3044 digitis
1336 2967 1539 3028 venus
1567 2967 1689 3026 uda
1717 2965 1995 3042 capillos,

535 3073 608 3132 Et
637 3072 825 3132 modo
853 3070 1147 3131 maternis
1175 3079 1337 3130 tecta
1367 3069 1608 3131 videtur
1633 3071 1831 3146 aquis.

449 3181 612 3240 Bella
643 3188 866 3240 sonant
894 3176 993 3238 alii
1025 3175 1162 3238 telis
1191 3174 1492 3237 instructa
1511 3177 1810 3248 cruentiS,

531 3288 802 3364 Parsque
832 3285 919 3347 tui
943 3283 1210 3364 generiS,
1243 3299 1386 3362 pars
1418 3294 1522 3344 tua
1549 3284 1711 3343 facta
1740 3293 1995 3343 canunt.
2020 3301 2026 3306 ·

442 3394 646 3455 Invida
675 3412 774 3454 me
797 3393 997 3472 spatio
1027 3403 1247 3454 natura
1277 3391 1555 3452 coercuit
1583 3401 1761 3452 arcto
1782 3437 1797 3462 ,

535 3498 787 3575 Ingenio
817 3498 980 3558 vires
1009 3497 1388 3574 exiguasque
1417 3496 1607 3555 dedit.

449 3607 526 3664 Et
555 3613 760 3663 tamen
789 3604 891 3664 ille
925 3613 1046 3662 tuae
1077 3601 1223 3661 felix
1249 3599 1538 3660 AEneidos
1569 3611 1812 3672 auctor,

543 3708 807 3768 Contulit
834 3709 896 3769 in
925 3708 1138 3786 Tyrios
1168 3723 1338 3768 arma
1368 3706 1693 3784 virumque
1722 3717 1919 3768 toros:
