3334 5175
524 504 672 562 Cum
702 516 886 578 grave
912 512 1070 557 nexa
1098 496 1280 556 simul
1321 492 1473 555 retia
1505 508 1743 575 mergat
1770 500 1958 559 onus?

439 614 582 671 llaec
611 627 728 688 ego
759 609 832 681 si,
867 607 1156 678 monitor,
1187 605 1456 667 monitus
1485 606 1658 684 prius
1692 607 1827 685 ipse
1854 608 2129 680 fuissem,

521 718 588 776 ln
615 733 734 793 qua
763 716 1098 777 debueram
1125 711 1386 773 forsitan
1417 712 1572 773 urbe
1601 713 1821 774 sorem.

435 826 592 885 Dum
621 836 822 885 tecum
853 822 995 895 vixi,
1025 822 1172 883 dum
1201 837 1298 881 me
1323 821 1472 883 levis
1499 837 1650 882 aura
1680 821 1945 893 serebat,

517 934 660 993 Haec
689 949 824 992 mea
849 949 962 1010 per
989 931 1264 1009 placidas
1290 930 1508 1009 cymba
1539 930 1817 991 cucurrit
1845 948 2060 1007 aquaS.

435 1038 545 1109 Qui
575 1038 739 1098 cadit
767 1038 829 1097 in
855 1038 1065 1115 plano,
1094 1036 1194 1097 vix
1221 1037 1340 1097 hoc
1371 1046 1573 1098 tamen
1599 1035 1803 1097 evenit
1830 1035 2067 1114 ipsum,

517 1144 612 1205 Sic
641 1144 826 1216 cadit,
857 1154 926 1204 ut
955 1154 1116 1204 tacta
1145 1160 1400 1221 surgere
1426 1143 1630 1223 possit
1652 1144 1864 1204 humo.

439 1250 512 1312 At
537 1249 720 1309 miser
748 1248 1018 1326 Elpenor
1041 1259 1208 1309 tecto
1237 1249 1526 1326 delapsus
1553 1249 1632 1310 ab
1657 1248 1807 1321 alto,

525 1355 802 1417 Occurrit
837 1354 970 1435 regi
999 1354 1216 1416 debilis
1245 1357 1462 1417 umbra
1486 1373 1623 1417 suo.

437 1464 590 1534 Quid
619 1464 732 1525 fuit
756 1474 826 1526 ut
849 1474 1012 1525 tutas
1040 1464 1300 1541 agitaret
1327 1466 1608 1526 Daedalus
1635 1466 1785 1537 alas,

525 1573 732 1633 lcarus
770 1571 1098 1632 immensas
1128 1572 1376 1633 nomine
1405 1572 1607 1651 signet
1633 1574 1855 1650 aquas?

438 1678 665 1756 Nempe
694 1680 861 1756 quod
889 1679 988 1739 hic
1017 1680 1161 1751 alte,
1195 1680 1518 1741 demissius
1547 1679 1649 1740 ille
1678 1680 1941 1741 volabat:

522 1786 666 1846 Nam
692 1802 928 1862 pennas
963 1786 1145 1847 ambo
1174 1804 1299 1847 non
1330 1787 1600 1847 habuere
1636 1802 1799 1847 suas.

451 1895 642 1955 Crede
669 1894 840 1968 mihi,
871 1896 1030 1955 bene
1058 1894 1162 1972 qui
1187 1894 1386 1968 latuit,
1419 1896 1577 1957 bene
1607 1896 1777 1967 vixit;
1812 1907 1873 1957 et
1901 1896 2057 1956 infra

530 2003 858 2063 Fortunam
894 2003 1078 2063 debet
1107 2002 1369 2080 quisque
1397 2020 1646 2065 manere
1676 2020 1850 2065 suam

447 2108 576 2167 Non
601 2108 760 2170 soret
784 2108 1086 2169 Eumedes
1116 2110 1328 2179 orbus,
1361 2109 1412 2169 si
1433 2109 1591 2169 filius
1620 2110 1755 2184 ejus

513 2213 745 2274 Stultus
772 2212 1075 2273 Achilleos
1105 2230 1230 2273 non
1259 2215 1602 2274 adamasset
1629 2230 1847 2290 equos:

434 2324 556 2387 Nec
585 2333 794 2383 natum
827 2321 889 2382 in
919 2324 1160 2383 flamma
1187 2322 1459 2394 vidisset,
1492 2322 1553 2381 in
1582 2323 1806 2383 arbore
1831 2333 2026 2394 natas,

531 2432 803 2510 Cepisset
830 2432 1074 2510 genitor
1101 2432 1152 2493 si
1181 2434 1556 2493 Phaethonta
1581 2434 1847 2511 Merops.

439 2540 528 2598 Tu
557 2555 804 2616 quoque
827 2538 1088 2601 formida
1117 2538 1368 2599 nimium
1399 2538 1679 2600 sublimia
1708 2556 1973 2618 semper,

517 2644 944 2723 propositique
973 2661 1214 2706 memor
1241 2647 1538 2707 contrahe
1565 2647 1698 2706 vela
1725 2646 1835 2707 tui.

434 2752 588 2811 Nam
615 2752 774 2829 pede
801 2750 1105 2814 inoffenso
1139 2751 1404 2831 spatium
1433 2753 1769 2813 decurrere
1790 2752 1932 2812 vitae

522 2856 752 2934 Dignus
785 2873 878 2929 οε,
911 2866 975 2916 et
1012 2857 1138 2918 sato
1167 2856 1520 2918 candidiore
1549 2857 1689 2918 frui.

431 2965 578 3035 Quae
606 2981 722 3041 pro
751 2975 812 3024 te
847 2975 916 3025 ut
945 2980 1193 3025 voveam
1221 2963 1350 3025 miti
1380 2964 1604 3041 pietate
1630 2965 1908 3037 mereris,

519 3071 896 3148 Haesuraque
923 3071 1069 3131 mihi
1094 3081 1337 3148 tempus
1363 3069 1425 3130 in
1451 3088 1634 3131 omne
1661 3072 1802 3132 fide.

440 3180 570 3242 Vidi
601 3198 718 3258 ego
750 3192 808 3241 te
836 3180 940 3242 tali
969 3180 1143 3240 vultu
1171 3195 1305 3238 mea
1335 3177 1456 3239 fata
1482 3189 1850 3255 gementem,

518 3285 768 3356 Qualem
799 3283 1094 3346 credibile
1122 3293 1218 3345 est
1243 3300 1352 3344 ore
1394 3283 1580 3344 fuisse
1611 3297 1771 3342 meo.

434 3392 654 3452 Nostra
684 3401 822 3452 tuas
846 3391 967 3452 vidi
997 3393 1298 3468 lacrymas
1328 3406 1516 3467 super
1553 3405 1660 3449 ora
1690 3389 2002 3459 cadentes,

519 3501 816 3577 Tempore
847 3516 1000 3575 quas
1034 3517 1161 3558 uno
1191 3499 1434 3573 fidaque
1468 3498 1653 3557 verba
1679 3495 1829 3557 bibi.

439 3607 610 3669 Nunc
635 3624 882 3684 quoque
917 3606 1271 3666 submotum
1303 3603 1510 3664 studio
1537 3603 1815 3664 defendis
1844 3603 2131 3678 amicum,

521 3714 594 3780 Et
633 3715 788 3778 mala
819 3713 919 3772 vix
953 3711 1072 3770 ulla
1103 3719 1280 3788 parte
1309 3710 1564 3771 levanda
1591 3711 1780 3773 levas,
1824 3725 1855 3740 ·“
