3334 5175
1872 362 2075 415 ...ss-

947 488 1158 549 Vivere
1175 506 1272 549 me
1293 490 1483 549 dices:
1517 492 1751 549 salvum
1780 498 1983 548 tamen
2009 508 2146 550 esse
2168 493 2441 568 negabis;

1027 596 1094 655 ld
1123 612 1369 670 quoque
1391 595 1556 670 quod
1583 594 1799 665 vivam,
1832 610 2053 655 munus
2084 597 2311 656 habere
2340 598 2459 657 dei.

945 702 1150 776 Teque
1177 701 1262 760 ita
1292 712 1358 761 tu
1387 701 1610 763 tacitus
1640 702 1941 777 quaerenti
1968 703 2147 779 plura
2174 705 2525 780 legendum,

1026 806 1134 878 Ne,
1167 822 1306 882 quae
1335 824 1462 867 non
1505 824 1662 884 opus
1692 816 1807 880 est,
1852 808 2011 867 sorte
2038 809 2315 885 loquare,
2350 808 2545 871 dabis.

943 910 1229 971 Protinus
1255 912 1606 973 admonitus
1641 924 1880 989 repetet
1920 930 2057 973 mea
2085 913 2341 973 crimina
2366 915 2587 985 lector,

1027 1018 1102 1077 Et
1133 1034 1392 1097 peragar
1439 1020 1654 1096 populi
1692 1019 1977 1096 publicus
2014 1036 2131 1079 ore
2152 1036 2315 1079 reus.

943 1126 1094 1198 Neu,
1126 1142 1294 1199 cave,
1327 1127 1642 1199 defendas,
1678 1126 1951 1203 quamvis
1980 1127 2345 1187 mordebere
2370 1128 2571 1188 dictis,

1029 1232 1222 1292 Causa
1249 1231 1594 1309 patrocinio
1622 1249 1748 1292 non
1776 1233 1941 1293 bona
1968 1233 2147 1309 pejor
2175 1233 2313 1293 erit.

945 1341 1219 1403 Invenies
1247 1342 1535 1421 aliquem,
1569 1343 1675 1419 qui
1702 1360 1803 1403 me
1831 1342 2100 1420 suspiret
2126 1344 2504 1420 ademptum,

1023 1446 1298 1508 Carmina
1325 1464 1442 1508 nec
1471 1448 1650 1509 siccis
1678 1450 1954 1527 perlegat
1980 1448 2096 1509 ista
2120 1449 2317 1527 genis:

941 1555 1015 1615 Et
1041 1553 1264 1614 tacitus
1291 1570 1525 1625 secum,
1557 1570 1637 1613 ne
1658 1554 1797 1629 quis
1824 1554 2023 1615 malus
2049 1554 2277 1627 audiat,
2311 1566 2507 1631 optet,

1023 1658 1116 1719 Sit
1143 1675 1304 1731 mea,
1337 1658 1530 1719 lenito
1553 1659 1815 1731 Caesare,
1848 1676 2035 1736 poena
2064 1660 2285 1719 minor.

941 1766 1064 1825 Nos
1091 1781 1359 1841 quoque,
1393 1763 1671 1841 quisquis
1699 1764 1837 1837 erit,
1871 1781 1949 1824 ne
1978 1763 2057 1825 sit
2084 1765 2271 1825 miser
2294 1765 2417 1837 ille,
2450 1782 2795 1843 precamur,

1027 1874 1308 1933 Placatos
1335 1872 1563 1933 misero
1589 1872 1697 1950 qui
1724 1873 1890 1933 volet
1918 1890 2055 1935 esse
2082 1874 2254 1935 deos.

951 1979 1218 2054 Quaeque
1245 1977 1428 2049 volet,
1463 1988 1596 2038 rata
1619 1977 1763 2039 sint:
1792 1978 2115 2054 ablataque
2141 1979 2436 2057 principis
2462 1980 2551 2040 ira

1027 2087 1284 2148 Sedibus
1309 2087 1370 2146 in
1399 2087 1611 2165 patriis
1640 2089 1747 2149 det
1772 2087 1919 2147 mihi
1946 2105 2131 2165 posse
2160 2089 2336 2149 mori.

941 2198 1016 2257 Ut
1041 2213 1300 2274 perages
1327 2197 1634 2267 mandata,
1665 2195 1843 2268 liber,
1874 2196 2207 2273 culpabere
2234 2197 2467 2269 forsan,

1035 2300 1388 2378 Ingeniique
1417 2300 1617 2361 minor
1643 2302 1825 2361 laude
1850 2300 2049 2361 ferere
2078 2301 2219 2361 mei.

943 2412 1174 2474 Iudicis
1202 2411 1472 2473 officium
1497 2423 1615 2483 est,
1645 2422 1717 2473 ut
1748 2429 1871 2485 res,
1904 2411 1987 2473 ita
2016 2423 2293 2490 tempora
2322 2431 2533 2473 rerum

1037 2519 1345 2590 Quaerere3
1379 2518 1640 2595 quaesito
1669 2529 1973 2596 tempore,
2006 2530 2177 2579 tutus
2206 2520 2349 2579 eris.

948 2624 1225 2685 Carmina
1253 2623 1626 2701 proveniunt
1649 2622 1856 2684 animo
1886 2625 2149 2684 deducta
2176 2642 2419 2686 sereno:

1026 2731 1240 2792 Nubila
1271 2741 1414 2791 sunt
1443 2730 1660 2792 subitis
1688 2741 1967 2809 tempora
1995 2741 2203 2792 nostra
2230 2733 2425 2794 malis.

945 2840 1223 2900 Carmina
1254 2857 1566 2900 secessum
1595 2840 1920 2901 scribentis
1950 2852 2012 2901 et
2040 2840 2163 2901 otia
2187 2853 2495 2917 quaerunt:

1025 2947 1120 3006 Me
1145 2963 1338 3019 mare,
1368 2961 1466 3006 me
1495 2947 1683 3019 venti,
1716 2965 1815 3008 me
1842 2949 1969 3008 sera
1992 2948 2185 3025 jactat
2210 2949 2445 3025 hyems.

945 3052 1324 3116 Carminibus
1351 3063 1550 3114 metus
1579 3053 1779 3114 omnis
1806 3055 2002 3114 abest:
2036 3072 2153 3132 ego
2180 3052 2459 3131 perditus
2488 3073 2698 3119 ensem

1029 3161 1351 3220 Haesurum
1369 3158 1590 3236 jugulo
1611 3160 1741 3235 ,iam
1768 3170 1921 3236 puto
1939 3160 2191 3236 jamque
2220 3177 2381 3220 meo.

941 3269 1081 3329 Haec
1111 3285 1378 3345 quoque,
1412 3269 1580 3344 quod
1609 3268 1789 3338 faeie,
1814 3270 2010 3341 judex
2036 3267 2358 3327 mirabitur
2380 3285 2615 3346 aequus;

1027 3375 1388 3452 Scriptaque
1414 3390 1556 3433 cum
1585 3371 1763 3432 venia
1790 3370 2257 3447 qualiacumque
2285 3371 2467 3450 leget.

949 3479 1033 3539 Da
1057 3478 1203 3538 mihi
1233 3477 1595 3549 Maeoniden,
1626 3488 1688 3538 et
1710 3487 1803 3538 tot
1830 3476 2232 3553 circumspice
2261 3495 2463 3551 casus3

1027 3583 1343 3661 Ingenium
1371 3582 1556 3644 tantis
1585 3584 1829 3644 excidet
1856 3599 2041 3642 omne
2068 3582 2264 3642 malis.

943 3692 1213 3771 Denique
1242 3709 1498 3753 securus
1525 3693 1583 3752 sa
1595 3708 1734 3764 mae,
1768 3691 1943 3764 liber,
1976 3691 2065 3752 ire
2092 3703 2420 3763 memeum,
