3334 5175
1737 364 2020 421 —124—

856 494 1005 568 Hoc,
1036 510 1279 572 precor,
1312 492 1591 563 emenda,
1618 490 1784 567 quod
1809 488 1860 549 si
1885 488 2234 551 correxeris
2269 508 2484 563 unum,

938 602 1147 662 Nullus
1164 601 1226 660 in
1246 597 1495 677 egregio
1522 614 1788 675 corpore
1819 614 2034 659 naevus
2063 596 2201 659 erit.

855 707 1133 768 Pluribus
1159 722 1467 777 accusem,
1516 703 1647 765 fleri
1673 703 1787 765 nisi
1816 704 2034 783 possit,
2066 715 2135 766 ut
2159 706 2236 765 ad
2271 722 2368 765 me

940 814 1162 876 Littera
1187 831 1311 874 non
1339 813 1560 887 veniat,
1596 813 1784 893 missa
1821 812 1901 875 sit
1921 812 2022 874 illa
2051 824 2281 875 tamen.

856 921 925 983 Di
951 921 1195 994 faciant,
1225 931 1294 981 ut
1321 920 1399 981 sit
1428 921 1748 982 temeraria
1777 931 1988 983 nostra
2015 922 2294 998 querela,

936 1030 1140 1105 Teque
1165 1038 1375 1105 putem
1408 1027 1561 1087 falso
1592 1045 1719 1087 non
1749 1027 2098 1089 meminisse
2129 1028 2274 1089 mei.

860 1135 1053 1207 Quod,
1085 1151 1329 1211 precor,
1362 1150 1499 1195 esse
1522 1133 1735 1211 liquet:
1769 1151 1968 1211 neque
1999 1133 2160 1195 enim
2194 1134 2489 1195 mutabile
2521 1135 2712 1195 robur

939 1240 1197 1300 Credere
1224 1256 1321 1299 me
1348 1239 1436 1299 fas
1457 1250 1551 1300 est
1584 1239 1854 1316 pectoris
1883 1257 2019 1301 esse
2049 1239 2159 1300 tui.

858 1346 1016 1407 Cana
1041 1345 1212 1423 prius
1248 1345 1447 1422 gelido
1479 1345 1679 1407 desint
1705 1346 2007 1407 absinthia
2038 1347 2255 1419 Pont0,

938 1452 1013 1512 Et
1040 1461 1246 1511 careat
1266 1450 1427 1511 dulci
1455 1450 1762 1512 Trinacris
1783 1452 1972 1529 Hybla
2005 1454 2239 1529 tbym0,

859 1560 1281 1619 Immemorem
1310 1575 1493 1636 quam
1522 1570 1581 1621 te
1612 1560 1934 1637 quisquam
1965 1559 2290 1621 convincat
2322 1559 2525 1620 amici:

946 1666 1077 1725 Non
1100 1664 1182 1725 ita
1213 1676 1356 1726 sunt
1383 1665 1487 1725 fati
1505 1666 1762 1726 stamina
1793 1666 1966 1743 nigra
1994 1666 2139 1727 mei.

864 1776 951 1835 Tu
976 1784 1202 1848 tamen,
1229 1784 1299 1835 ut
1326 1774 1494 1835 salsae
1531 1774 1734 1853 possis
1764 1792 2010 1851 quoque
2040 1776 2270 1853 pellere
2300 1777 2504 1854 culpae

944 1879 1225 1953 Crimina,
1258 1880 1424 1957 quod
1462 1897 1585 1939 non
1608 1896 1700 1953 63,
1733 1897 1810 1941 ne
1840 1879 2104 1953 videare,
2140 1897 2309 1941 cave.

864 1988 1058 2067 thue
1082 1989 1428 2049 solebamus
1458 2004 1825 2049 consumere
1856 1989 2040 2066 longa
2073 1988 2386 2066 loquendo

943 2095 1264 2171 Tempora,
1296 2111 1644 2155 sermonem
1664 2093 1986 2155 deficiente
2022 2093 2142 2166 die;

865 2199 960 2260 Sic
990 2188 1143 2260 serat
1168 2217 1241 2261 ac
1272 2200 1497 2261 referat
1518 2200 1734 2261 tacitas
1760 2218 1924 2261 nunc
1952 2200 2154 2261 littera
2184 2219 2389 2274 voceS,

950 2306 1024 2365 Et
1043 2315 1338 2383 peragant
1365 2305 1591 2383 linguae
1616 2307 1828 2369 charta
1857 2323 2196 2383 manusque
2209 2306 2395 2367 vices:

870 2413 1042 2485 Quod
1065 2412 1196 2473 fore
1225 2430 1303 2472 ne
1330 2412 1581 2472 nimium
1610 2412 1817 2472 videar
1845 2413 2143 2484 diffidere,
2173 2412 2373 2490 sitque

950 2522 1237 2581 Versibus
1266 2519 1365 2580 hic
1394 2518 1605 2599 paucis
1634 2517 2025 2579 admonuisse
2055 2519 2228 2592 satis;

866 2627 1112 2706 Accipe,
1136 2644 1259 2704 quo
1283 2643 1526 2702 semper
1546 2625 1754 2685 finitur
1783 2625 2041 2702 epistola
2071 2629 2281 2698 verb0,

948 2736 1143 2810 Atque
1173 2732 1323 2794 meis
1350 2731 1575 2792 distent
1612 2742 1680 2793 ut
1711 2743 1814 2792 tua
1836 2732 1978 2806 sata,
2013 2734 2168 2794 vale.

1569 2952 1936 3007 ELEGIA
1977 2953 2189 3008 xlv.

871 3167 1100 3238 Quanta
1136 3165 1240 3227 tibi
1266 3163 1549 3226 dederint
1574 3164 1770 3224 nostri
1801 3174 2194 3225 monumenta
2224 3163 2432 3236 libelli,

953 3274 1156 3337 Omihi
1188 3292 1284 3335 me
1312 3274 1541 3351 conjux
1570 3273 1792 3344 carior,
1829 3273 1960 3350 ipsa
2001 3272 2191 3333 vides.

869 3385 1157 3445 Detrahat
1182 3382 1417 3444 auctori
1448 3381 1707 3441 multum
1736 3380 1980 3441 fortuna
2008 3379 2234 3453 licebit;

952 3491 1038 3548 Tu
1070 3499 1273 3548 tamen
1302 3485 1546 3563 ingenio
1570 3486 1735 3546 clara
1762 3486 1960 3546 ferere
2000 3503 2161 3547 meo:

870 3598 1147 3670 Dumque
1173 3594 1363 3671 legar,
1388 3609 1627 3654 mecum
1662 3592 1892 3671 pariter
1927 3604 2030 3654 tua
2058 3593 2218 3654 fama
2246 3596 2506 3673 legetur3

951 3706 1070 3765 Nec
1099 3714 1275 3784 potes
1296 3703 1355 3764 in
1386 3715 1643 3767 moestos
1690 3701 1887 3766 omnis
1925 3703 2092 3765 abire
2119 3721 2327 3784 rogos,
