3334 5175
949 473 1213 546 Femina,
1245 472 1476 551 virque,
1509 484 1648 533 meo
1674 472 1852 549 pueri
1880 490 2128 549 quoque
2162 472 2375 536 sunere
2404 488 2695 548 moerent:

1027 583 1214 657 Inque
1241 582 1425 642 domo
1451 581 1751 658 lacrymas
1778 580 2040 658 angulus
2068 581 2266 643 omnis
2292 582 2497 643 habet.
2540 568 2769 649 M

948 686 1007 745 Si
1034 686 1176 747 licet
1203 686 1500 764 exemplis
1527 686 1590 745 in
1617 702 1809 764 parvo
1836 686 2172 764 grandibus
2200 686 2311 759 uti,

1026 796 1167 855 Haec
1195 795 1381 857 facies
1408 796 1629 873 Trojae,
1663 812 1805 856 cum
1834 806 2179 873 caperetur,
2212 808 2365 857 erat.

944 902 1197 978 Jamque
1223 901 1620 979 quiescebant
1647 918 1831 963 voces
1857 901 2297 979 hominumque
2324 918 2695 978 canumque,

1027 1009 1316 1085 Lunaque
1343 1019 1683 1069 nocturnos
1710 1009 1833 1069 alta
1860 1009 2113 1085 regebat
2140 1026 2355 1085 equos:

942 1119 1108 1177 Hanc
1135 1133 1254 1195 ego
1281 1116 1642 1194 suspiciens,
1676 1127 1738 1178 et
1766 1118 1843 1177 ab
1870 1118 1985 1177 hac
2014 1116 2303 1195 Capitolia
2332 1134 2617 1188 cernens,

1023 1224 1170 1295 Quae
1196 1234 1412 1285 nostro
1441 1223 1675 1285 frustra
1694 1224 1910 1299 juncta
1936 1224 2109 1284 fuere
2136 1223 2293 1295 Lari3

939 1332 1194 1393 Numina
1221 1332 1435 1393 vicinis
1463 1312 1795 1393 habitantia
1824 1332 2093 1403 sedibuS‚
2126 1331 2397 1409 inquam,

1019 1440 1273 1516 Jamque
1301 1438 1496 1500 oculis
1525 1455 1839 1515 nunquam
1867 1439 2095 1515 templa
2122 1438 2381 1500 videnda
2408 1439 2585 1511 meis,

938 1546 1131 1623 Dique
1158 1545 1565 1622 relinquendi,
1599 1562 1759 1621 quos
1784 1545 1935 1605 urbs
1962 1546 2147 1606 habet
2174 1545 2299 1605 alta
2324 1544 2577 1616 Quirini,

1025 1655 1168 1714 Este
1197 1653 1439 1715 salutati
1471 1664 1712 1730 tempus
1742 1652 1804 1711 in
1834 1669 2018 1713 omne
2046 1652 2213 1713 mihi.

940 1762 1015 1822 Et
1041 1777 1411 1839 quamquam
1440 1778 1580 1822 sero
1609 1761 1893 1837 clypeum
1924 1770 2067 1837 post
2101 1759 2355 1819 vulnera
2384 1777 2583 1832 sume,

1026 1869 1307 1931 Attamen
1335 1870 1494 1931 hanc
1524 1868 1681 1931 odiis
1708 1879 2042 1931 exonerate
2071 1870 2299 1947 fugamt

947 1976 1314 2053 Coelestique
1341 1975 1496 2048 vii-0,
1530 1975 1668 2052 quis
1695 1990 1795 2037 me
1825 1975 2137 2053 deceperit
2164 1992 2341 2035 error

1029 2084 1241 2146 Dicite:
1273 2102 1390 2162 pro
1419 2084 1600 2162 culpa
1629 2101 1709 2143 ne
1738 2084 1943 2145 scelus
1972 2100 2109 2144 esse
2138 2094 2335 2162 putet.

939 2194 1036 2264 Ut,
1069 2193 1236 2268 quod
1264 2210 1373 2253 vos
1395 2190 1586 2263 scitiS‚
1617 2208 1824 2269 poenae
1854 2208 2101 2269 quoque
2130 2192 2353 2255 sentiat
2380 2203 2621 2266 aneton

1027 2300 1267 2360 Placato
1297 2316 1553 2377 possum
1582 2316 1709 2360 non
1740 2298 1927 2359 miser
1958 2316 2094 2359 esse
2122 2301 2271 2359 Deo.

942 2410 1063 2470 Hac
1092 2426 1278 2486 prece
1307 2407 1554 2469 adoravi
1583 2426 1848 2486 superos
1876 2426 2017 2487 ege,
2052 2409 2330 2487 pluribus
2358 2427 2516 2471 uxor

1025 2516 1308 2595 Singultu
1335 2516 1571 2578 medios
1598 2518 2021 2594 praepediente
2050 2534 2259 2578 sonos

940 2626 1045 2686 llla
1076 2625 1259 2686 etiam
1288 2635 1430 2686 ante
1459 2625 1640 2685 Lares
1669 2624 1867 2702 passis
1895 2635 2203 2702 prostrata
2236 2626 2493 2703 capilliS,

1025 2729 1289 2808 Contigit
1317 2729 1656 2792 exstinctos
1688 2747 1797 2791 ore
1824 2741 2125 2792 tremente
2154 2732 2353 2792 focos:

942 2838 1250 2913 Multaque
1277 2836 1339 2896 in
1367 2837 1660 2898 adversos
1690 2836 1899 2898 effudit
1924 2838 2111 2898 verba
2139 2840 2417 2912 PenateS,

1027 2947 1144 3006 Pro
1175 2946 1498 3022 deplorato
1529 2963 1656 3006 non
1686 2945 1945 3008 valitura
1973 2945 2127 3006 viro.

939 3055 1192 3130 Jamque
1221 3070 1412 3114 morae
1443 3053 1707 3131 spatium
1737 3071 1863 3114 nox
1889 3053 2267 3133 praecipitata
2296 3057 2583 3134 negabat,

1024 3162 1333 3238 versaque
1364 3162 1440 3222 ab
1469 3178 1584 3222 axe
1613 3179 1727 3222 suo
1756 3161 2069 3224 Parrhasis
2097 3163 2315 3224 Arctos
2346 3174 2497 3225 erat.

940 3267 1092 3338 Quid
1119 3268 1412 3329 facerem?
1439 3269 1668 3328 blando
1698 3270 1913 3344 patriae
1942 3270 2253 3328 retinebar
2280 3287 2514 3332 amore:

1022 3375 1241 3435 Ultima
1269 3375 1380 3435 sed
1401 3374 1595 3449 jussae
1624 3391 1751 3432 nox
1780 3383 1911 3435 erat
1939 3372 2040 3434 illa
2070 3373 2253 3453 fugae.

943 3481 1056 3543 Ah!
1090 3481 1330 3559 quoties
1357 3480 1562 3559 aliquo
1591 3481 1715 3543 dixi
1741 3494 2141 3562 properante,
2174 3486 2326 3556 Quid
2355 3489 2570 3566 urges?

1026 3593 1131 3652 Vel
1163 3609 1286 3669 quo
1316 3592 1565 3654 festines
1594 3593 1707 3666 ire,
1740 3595 1835 3653 vel
1865 3594 2051 3668 unde,
2084 3594 2240 3656 vide.

941 3699 1054 3760 Ah!
1089 3697 1328 3776 quoties
1359 3708 1590 3758 certam
1620 3715 1718 3759 me
1748 3715 1884 3759 sum
1914 3699 2203 3761 mentitus
2232 3703 2459 3764 habere
