3334 5175
1254 326 1541 385 2411-

434 454 509 518 Et
536 472 632 517 me
662 454 967 517 Battiades
989 454 1199 532 judice
1242 455 1433 515 falsus
1474 465 1626 516 erat.

342 562 561 622 Omnia
594 580 721 622 nun
750 562 959 633 credo,
992 575 1182 636 quum
1212 570 1279 621 tu
1308 562 1631 621 consultus
1660 563 1738 622 ab
1770 564 1954 625 Arcto

438 668 655 745 Terga,
688 682 901 743 vapor,
932 666 1198 739 dederiS‚
1231 666 1681 744 Ausoniamque
1716 679 1909 745 petas.

352 776 495 834 Haec
524 774 709 851 igitur
732 774 840 834 lux
868 784 989 846 est,
1024 790 1163 850 quae
1200 773 1251 834 si
1280 791 1407 834 non
1432 784 1567 835 orta
1610 775 1847 847 fuisset,

439 879 611 938 Nulla
641 877 754 939 fuit
782 878 1007 939 misero
1038 879 1191 939 festa
1228 878 1487 941 videnda
1519 879 1689 940 mihi.

360 982 565 1044 Edidit
592 984 724 1043 haec
756 1000 961 1045 mores
987 982 1107 1045 illis
1141 984 1409 1045 heroisin
1442 1002 1681 1062 aequOS,

469 1088 649 1159 Queis
672 1098 805 1149 erat
838 1087 1075 1161 Eetion,
1114 1088 1463 1167 Icariusque
1496 1102 1693 1167 pater.

365 1194 515 1254 Nata
545 1193 836 1271 pudicitia
862 1204 978 1268 est,
1017 1211 1244 1269 mores,
1276 1196 1696 1275 proditasque,
1731 1197 2026 1277 fidesque:

445 1301 523 1362 At
549 1317 673 1360 non
704 1310 849 1361 sunt
872 1300 988 1362 ista
1024 1302 1247 1379 gaudia
1274 1292 1417 1365 nata
1444 1303 1566 1376 die;

361 1406 483 1467 Sed
518 1406 715 1478 labor,
748 1416 809 1466 et
836 1422 1025 1479 curae,
1058 1406 1425 1485 fortunaque
1454 1409 1730 1472 moribus
1757 1410 1982 1488 impar,

453 1512 747 1587 Justaque
774 1511 853 1572 de
887 1513 1071 1573 vnduo
1098 1530 1277 1590 paeue
1302 1516 1549 1590 querela
1577 1525 1738 1578 toro.

365 1619 631 1691 Scilicet,
665 1618 937 1679 adversis
967 1620 1243 1696 probitas
1269 1622 1539 1683 exercita
1572 1625 1781 1695 rebus,

446 1727 625 1787 Tristi
653 1727 965 1789 materiam
1006 1740 1284 1807 tempore
1323 1730 1519 1791 laudis
1547 1731 1751 1791 habet.

378 1833 439 1894 Si
466 1832 616 1893 nihil
652 1832 853 1894 infesti
874 1834 1067 1895 durus
1100 1834 1351 1896 vidisset
1376 1836 1643 1913 Ulysses,

449 1940 753 2016 Penelope
779 1939 945 2013 felix,
980 1941 1089 2002 sed
1132 1939 1265 2001 sine
1291 1941 1495 2014 laude,
1528 1941 1710 2003 foret:

364 2045 571 2107 Victor
604 2044 931 2107 Echionias
961 2045 1013 2108 si
1040 2046 1132 2107 vir
1159 2058 1544 2123 penetrasset
1570 2048 1633 2107 in
1662 2064 1861 2122 arceS,

448 2150 757 2212 Forsitam
793 2153 1079 2213 Evadnen
1106 2152 1209 2212 vix
1240 2169 1349 2213 sua
1377 2164 1589 2213 nosset
1616 2154 1862 2214 humus:

373 2257 573 2327 Quum
606 2256 765 2317 Pelia
794 2267 889 2317 tot
914 2257 1037 2319 sint
1064 2258 1308 2335 genitae,
1341 2276 1455 2319 cur
1481 2258 1704 2319 nobilis
1729 2274 1854 2319 una
1878 2262 1998 2321 est?

457 2365 657 2441 Nupta
686 2364 799 2426 fuit
826 2363 1051 2425 misero
1078 2381 1301 2442 nempe
1328 2366 1495 2442 quod
1522 2382 1643 2425 una
1672 2365 1824 2426 viro.

366 2470 589 2543 Effice,
621 2481 692 2531 ut
719 2470 930 2532 Iliacas
958 2482 1169 2548 tangat
1195 2472 1368 2548 prior
1394 2472 1551 2532 alter
1579 2488 1822 2544 arenas;

450 2576 773 2640 Laodamia
800 2576 951 2637 nihil
984 2595 1097 2638 cur
1125 2577 1431 2639 referatur
1460 2577 1595 2640 erit.

373 2688 449 2748 Et
475 2696 605 2761 tua,
640 2687 803 2764 quod
832 2688 1098 2759 mallem,
1131 2686 1325 2764 pietas
1352 2686 1560 2764 Ignota
1590 2701 1888 2762 maneret,

458 2796 823 2874 implessent
848 2795 1013 2856 venti
1039 2795 1093 2855 si
1121 2812 1256 2856 mea
1284 2796 1417 2856 vela
1444 2795 1562 2856 sui.

372 2902 443 2962 Di
476 2913 707 2974 tamen,
739 2913 803 2964 et
829 2903 1039 2963 Caesar
1066 2901 1169 2963 Dis
1196 2920 1547 2976 accessure,
1580 2905 1692 2965 sed
1721 2905 1890 2977 olim,

462 3007 784 3085 AEquarint
814 3007 1015 3086 Pylios
1044 3024 1235 3084 quum
1264 3019 1367 3068 tua
1396 3008 1518 3068 fata
1546 3008 1698 3082 dies;

377 3113 511 3174 Non
541 3111 709 3184 mihi,
744 3111 849 3188 qui
875 3127 1124 3189 poenam
1150 3110 1348 3171 fateor
1374 3111 1694 3182 meruisse,
1727 3113 1838 3172 sed
1865 3112 1950 3170 illi

457 3216 717 3290 Parcite,
749 3232 911 3293 quae,
944 3215 1115 3276 nullo
1140 3213 1321 3292 digna
1351 3215 1589 3287 dolore,
1623 3214 1812 3275 dolet!

1084 3429 1449 3486 ELEGIA
1479 3429 1617 3484 vl.

384 3643 473 3704 Tu
504 3658 777 3719 quoque,
810 3650 1159 3703 nostrarum
1190 3641 1499 3717 quondam
1528 3641 1750 3703 fiducia
1779 3660 2011 3717 rerum,
