3334 5175
1836 324 2075 393 -28-

921 450 1166 543 Quaque
1191 480 1304 542 per
1337 472 1626 540 angustas
1658 462 1817 522 male
1852 470 2047 523 vectae
2088 462 2337 539 virginis
2369 464 2589 533 undaS,

1003 574 1219 633 Seston
1247 570 1540 647 Abydena
1567 578 1813 646 separat
1838 568 1995 629 urbe
2026 568 2281 638 fretum

918 678 1188 755 Iliaeque
1213 676 1632 755 Propontiacis
1660 676 1998 736 haerentem
2025 675 2280 753 Cyzicon
2312 675 2470 745 oris;

1001 783 1256 861 Cyzicon
1282 781 1609 842 Haemoniae
1637 780 1843 841 nobile
1870 778 2070 858 gentis
2106 797 2231 857 opu
2242 796 2295 852 ες

920 888 1170 965 Quaque
1198 872 1408 949 tenent
1434 886 1610 963 ponti
1635 885 1917 963 Byzantia
1948 885 2153 945 littora
2182 885 2415 956 fauces;

1007 994 1112 1056 Hic
1139 996 1315 1056 locus
1341 1004 1434 1055 est
1468 994 1693 1073 gemini
1714 995 1903 1071 janua
1930 1004 2101 1054 vasta
2132 992 2342 1053 maris,

926 1103 1090 1176 llaec,
1121 1118 1366 1179 precor,
1397 1101 1656 1173 evincat,
1688 1102 2104 1178 propulsaque
2134 1100 2421 1162 flantibus
2451 1100 2733 1174 AustriS,

1006 1209 1298 1268 Transeat
1325 1204 1640 1267 instabiles
1671 1216 1922 1267 strenua
1952 1206 2247 1283 Cyaneas;

927 1315 1384 1394 Thyniacosque
1415 1314 1586 1375 sinus
1614 1325 1676 1375 et
1704 1315 1781 1374 ab
1811 1314 1905 1374 his
1935 1330 2047 1391 per
2085 1313 2378 1391 Apollinis
2408 1314 2651 1387 urbem,

1009 1424 1144 1485 Alta
1184 1424 1300 1484 sub
1327 1423 1599 1485 Anchiali
1628 1424 1853 1485 moenia
1884 1424 2095 1485 tendat
2122 1423 2267 1484 iter=

930 1531 1076 1592 Inde
1101 1530 1568 1591 Mesembriacos
1597 1542 1839 1608 portuS,
1872 1542 1935 1592 et
1961 1532 2253 1604 Odesson,
2297 1542 2359 1593 et
2388 1548 2568 1593 arces

1012 1639 1344 1697 Praetereat
1372 1634 1568 1695 dictas
1593 1636 1864 1707 nomine,
1894 1637 2154 1708 Bacche,
2186 1646 2320 1697 tuo:

936 1743 1009 1803 Et
1034 1757 1190 1818 quos
1218 1738 1494 1801 Alcathoi
1522 1750 1866 1801 memorant
1893 1738 1929 1800 a
1956 1740 2267 1802 'moenibus
2296 1752 2471 1803 ortos

1015 1850 1273 1913 Sedibus
1301 1850 1396 1911 his
1421 1849 1757 1929 profugum
1784 1850 2177 1912 constituisse
2204 1851 2423 1913 larem:

939 1956 987 2016 Α
1013 1956 1236 2033 quibus
1264 1955 1544 2018 adveniat
1571 1954 1835 2017 Miletida
1862 1972 2080 2035 sospes
2110 1957 2187 2018 ad
2214 1957 2453 2029 urbem,

1027 2061 1249 2123 offensi
1277 2079 1402 2139 quo
1430 2078 1529 2123 me
1557 2060 1855 2139 compulit
1880 2061 1973 2122 ira
2002 2060 2121 2123 dei.

942 2170 1106 2232 Hanc
1139 2171 1190 2232 si
1225 2169 1574 2249 contigerit,
1602 2171 1838 2232 meritae
1866 2170 2047 2233 cadet
2074 2186 2233 2250 agna
2259 2170 2566 2233 Minervae.

1022 2279 1156 2340 Non
1181 2280 1328 2340 facit
1353 2279 1431 2339 ad
1465 2290 1710 2341 nostras
1744 2280 1944 2340 hostia
1980 2281 2179 2357 major
2206 2297 2381 2358 opes.

945 2388 1066 2447 Vos
1093 2402 1362 2463 quoque,
1393 2386 1776 2463 Tyndaridae,
1808 2402 1965 2464 quos
1993 2387 2127 2447 haec
2160 2386 2309 2448 colit
2336 2386 2557 2461 insula,
2594 2388 2835 2463 fratres,

1021 2492 1185 2565 Mite,
1227 2508 1474 2569 precor,
1517 2492 1747 2569 duplici
1780 2508 2007 2552 numen
2042 2495 2252 2554 adeste
2284 2493 2417 2555 viae.

941 2597 1146 2658 Altera
1170 2612 1434 2674 namque
1458 2606 1634 2673 parat
1661 2596 2095 2674 Symplegadas
2129 2596 2221 2658 ire
2260 2615 2375 2677 per
2402 2601 2580 2662 altas:

1027 2703 1320 2765 Scindere
1355 2701 1655 2765 Bistonias
1684 2703 1874 2765 altera
1893 2705 2120 2784 puppis
2150 2721 2365 2784 aquas.

946 2809 1067 2870 Vos
1092 2808 1271 2870 facite
1299 2819 1368 2870 ut
1393 2819 1633 2882 ventos,
1665 2810 1805 2870 loca
1838 2825 2028 2887 quum
2058 2811 2297 2873 diversa
2324 2821 2625 2892 petamuS,

1030 2916 1135 2977 llla
1160 2933 1306 2979 suos
1339 2917 1581 2990 habeat,
1618 2933 1735 2978 nec
1776 2917 1977 2979 minus
2012 2917 2115 2980 illa
2150 2935 2323 2981 suos.

1565 3131 1929 3193 Elam
1956 3135 2149 3195 xn.

955 3348 1175 3409 Littera
1208 3357 1614 3422 quaecumque
1640 3353 1739 3404 est
1763 3353 1897 3405 toto
1925 3343 2035 3406 tibi
2064 3346 2223 3408 lecta
2252 3347 2481 3424 libelle,

1037 3455 1144 3514 Est
1171 3451 1316 3512 mihi
1345 3451 1622 3513 sollicitae
1650 3462 1931 3532 tempore
1956 3449 2115 3517 facta
2138 3456 2273 3518 viae.

957 3557 1074 3620 Aut
1098 3558 1257 3617 hanc
1283 3572 1403 3631 me,
1431 3555 1612 3637 gelidi
1639 3569 1971 3622 tremerem
2000 3577 2142 3622 cum
2171 3579 2383 3628 mense
2414 3564 2787 3640 Decembris,

1041 3662 1418 3726 scribentem
1447 3661 1660 3727 mediis
1686 3663 1867 3726 Adria
1894 3665 2042 3732 vidit
2067 3669 2268 3746 aquis:
