3334 5175
1733 308 1975 365 ...gg-..-

887 440 1096 503 Dictus
1123 440 1200 501 ab
1229 436 1498 515 antiquis
1519 436 1769 497 Axenus
1798 433 1899 495 ille
1928 433 2060 495 fuit.

809 549 953 608 Nam
985 565 1184 625 neque
1206 547 1518 623 jactantur
1549 542 1882 605 moderatis
1912 558 2165 621 aequora
2194 545 2412 616 ventis,

891 657 1012 717 Nec
1041 654 1318 734 placidos
1345 662 1564 733 portus
1593 652 1837 731 hospita
1868 651 2038 715 navis
2066 652 2213 714 adit.

810 764 964 824 Sunt
991 761 1154 823 circa
1183 771 1398 841 gentes
1428 776 1568 837 quae
1593 758 1871 839 praedam
1900 758 2195 837 sanguine
2226 770 2529 835 quaerant:

895 872 1016 933 Nec
1046 870 1247 933 minus
1275 870 1460 931 infida
1489 881 1653 932 terra
1685 868 1932 931 timetur
1960 884 2141 947 aqua.

811 976 924 1051 Illi,
963 995 1120 1056 quos
1149 976 1322 1038 audis
1352 975 1671 1038 hominum
1698 976 1971 1055 gaudere
2006 991 2263 1048 cruore,

897 1086 1076 1146 Paene
1105 1085 1221 1146 sub
1250 1085 1527 1161 eiusdem
1557 1082 1775 1145 sideris
1810 1098 1927 1145 axe
1946 1083 2181 1159 jacent.

814 1192 936 1252 Nec
965 1191 1184 1270 procul
1213 1207 1248 1251 a
1278 1188 1456 1251 nobis
1485 1190 1662 1251 locus
1690 1200 1805 1262 est,
1838 1188 1944 1251 ubi
1972 1188 2227 1251 Taurica
2257 1188 2391 1251 dira

897 1300 1076 1362 Caedc
1103 1300 1476 1379 pharetratae
1501 1299 1775 1378 pascitur
1802 1314 1911 1360 ara
1948 1300 2104 1361 deae.

820 1409 963 1469 Haec
997 1406 1193 1486 prim,
1225 1416 1295 1469 ut
1323 1416 1695 1479 memorant,
1724 1422 1849 1469 non
1878 1404 2177 1467 invidiosa
2204 1404 2508 1478 nefandiS,

903 1514 1026 1575 Nec
1051 1513 1354 1595 cupienda
1383 1511 1584 1586 bonis,
1619 1528 1811 1592 regna
1838 1511 2129 1575 Thoantis
2150 1523 2345 1575 erant.

824 1622 929 1684 llic
961 1640 1079 1701 pro
1107 1621 1426 1700 subposita
1453 1622 1626 1700 virgo
1656 1622 1941 1700 Pelopeia
1984 1638 2165 1685 cerva

907 1731 1092 1791 Sacra
1129 1730 1264 1791 deae
1291 1729 1482 1791 coluit
1511 1729 1981 1807 qualiacumque
2010 1744 2161 1793 suae.

827 1836 959 1907 Quo
985 1846 1338 1915 postquam,
1369 1834 1622 1896 dubium
1650 1834 1791 1914 pius
1818 1850 1897 1896 an
1926 1835 2284 1909 sceleratuS,
2316 1834 2563 1897 Orestes

915 1946 1182 2006 Exactus
1211 1943 1384 2007 furiis
1413 1956 1664 2009 venerat
1694 1944 1825 2023 ipse
1852 1944 2003 2019 suiS‚

832 2053 905 2111 Et
943 2068 1153 2113 comes
1186 2051 1536 2129 exemplum
1569 2050 1699 2112 veri
1727 2050 2021 2113 Phocaeus
2046 2050 2297 2124 amori&

925 2162 1035 2233 Qui
1065 2164 1188 2223 duo
1217 2160 1610 2240 corporibus,
1640 2160 1945 2225 mentibos
1976 2178 2137 2223 unus
2159 2172 2353 2234 erant;

839 2270 1122 2332 Protinus
1157 2269 1382 2331 evincti
1409 2269 1626 2331 Triviae
1657 2271 1968 2333 ducuntur
1994 2270 2071 2331 ad
2101 2286 2291 2343 aram,

928 2378 1074 2449 Quae
1105 2379 1306 2441 stabat
1343 2376 1616 2455 geminas
1635 2388 1777 2439 ante
1806 2386 2059 2439 cruenta
2088 2377 2273 2439 fores.

839 2484 963 2545 Nec
997 2494 1197 2545 tamen
1234 2485 1398 2545 hunc
1427 2500 1537 2545 sua
1571 2499 1763 2559 mors,
1798 2487 1927 2547 nec·
1940 2500 2109 2545 mors
2138 2499 2245 2546 sua
2276 2483 2493 2547 terruit
2520 2484 2713 2546 illum:

929 2591 1099 2652 Alter
1131 2592 1212 2653 ob
1241 2590 1495 2654 alterius
1523 2591 1739 2650 funera
1768 2601 2025 2654 moestus
2054 2602 2206 2654 erat.

849 2697 922 2757 Et
943 2697 1072 2772 jam
1103 2694 1468 2756 constiterat
1497 2694 1713 2758 stricto
1740 2711 2039 2758 mucrone
2066 2700 2377 2772 sacerdOS,

932 2801 1215 2863 Cinxerat
1245 2813 1306 2864 et
1335 2801 1540 2864 Graias
1569 2802 1830 2866 barbara
1858 2801 2003 2866 vitta
2032 2820 2263 2877 comas3

851 2912 998 2971 Cum
1023 2909 1155 2972 vice
1185 2910 1486 2974 sermonis
1517 2911 1765 2976 fratrem
1796 2913 2105 2992 cognovit,
2140 2925 2201 2978 et
2228 2913 2312 2976 illi

933 3021 1052 3080 Pro
1081 3035 1235 3081 nece
1263 3020 1629 3100 complexus
1656 3018 1965 3098 Iphigenia
1994 3020 2183 3083 dedit.

848 3127 1010 3186 Laeta
1039 3126 1171 3186 deae
1203 3124 1442 3206 signum
1471 3125 1741 3190 crudelia
1768 3142 2243 3206 sacra-perosae,

935 3232 1267 3294 Transtulit
1303 3249 1382 3293 ex
1415 3232 1534 3296 illis
1572 3233 1634 3293 in
1669 3233 1923 3296 meliora
1957 3234 2131 3296 locis.

854 3341 995 3402 Haec
1025 3339 1212 3417 igitur
1241 3338 1414 3416 regio
1454 3339 1666 3418 magni
1700 3355 1846 3416 pars
1870 3338 2081 3400 ultima
2108 3341 2341 3415 mundi,

937 3445 1128 3514 Quam
1159 3445 1372 3523 fugere
1400 3443 1679 3506 homines
1714 3444 1919 3523 dique,
1951 3445 2297 3525 propinqua
2324 3446 2469 3508 mihi
2504 3466 2591 3508 es,

857 3550 1055 3626 Atque
1086 3566 1285 3610 meam
1316 3561 1544 3614 terram
1576 3569 1777 3632 prope
1806 3563 1951 3615 sunt
1978 3553 2255 3616 funebria
2285 3571 2483 3628 sacra,

937 3654 995 3716 Si
1028 3657 1216 3718 modo
1257 3656 1482 3718 Nasoni
1511 3659 1771 3722 barbara
1802 3670 1963 3724 terra
1990 3677 2097 3724 sua
2127 3671 2239 3724 est.
