<?xml version="1.0" encoding="UTF-8"?>
<!DOCTYPE html PUBLIC "-//W3C//DTD XHTML 1.0 Transitional//EN"
    "http://www.w3.org/TR/xhtml1/DTD/xhtml1-transitional.dtd">
<html xmlns="http://www.w3.org/1999/xhtml" xml:lang="en" lang="en">
 <head>
  <title>
</title>
<meta http-equiv="Content-Type" content="text/html;charset=utf-8" />
  <meta name='ocr-system' content='tesseract 3.04.00' />
  <meta name='ocr-capabilities' content='ocr_page ocr_carea ocr_par ocr_line ocrx_word'/>
</head>
<body>
  <div class='ocr_page' id='page_1' title='image "./povidiinasonist02ovidgoog_0047.png"; bbox 0 0 3334 5175; ppageno 0'>
   <div class='ocr_carea' id='block_1_1' title="bbox 904 379 2721 3804">
    <p class='ocr_par' dir='ltr' id='par_1_1' title="bbox 904 379 2721 3804">
     <span class='ocr_line' id='line_1_1' title="bbox 1826 379 2065 440; baseline 0 -17"><span class='ocrx_word' id='word_1_1' title='bbox 1826 379 2065 440; x_wconf 57' lang='lat'><strong>-42-</strong></span> 
     </span>
     <span class='ocr_line' id='line_1_2' title="bbox 921 505 2271 585; baseline 0.002 -19"><span class='ocrx_word' id='word_1_2' title='bbox 921 505 1018 567; x_wconf 92' lang='lat' dir='ltr'><strong>Sic</strong></span> <span class='ocrx_word' id='word_1_3' title='bbox 1047 523 1163 585; x_wconf 78' lang='lat' dir='ltr'><strong>ego</strong></span> <span class='ocrx_word' id='word_1_4' title='bbox 1193 508 1466 581; x_wconf 88' lang='lat' dir='ltr'><strong>delicias,</strong></span> <span class='ocrx_word' id='word_1_5' title='bbox 1501 519 1561 569; x_wconf 89' lang='lat' dir='ltr'><strong>et</strong></span> <span class='ocrx_word' id='word_1_6' title='bbox 1589 507 1797 571; x_wconf 87' lang='lat' dir='ltr'><strong>mollia</strong></span> <span class='ocrx_word' id='word_1_7' title='bbox 1834 510 2103 572; x_wconf 86' lang='lat' dir='ltr'><strong>carmina</strong></span> <span class='ocrx_word' id='word_1_8' title='bbox 2130 508 2271 582; x_wconf 81' lang='lat' dir='ltr'><strong>feci,</strong></span> 
     </span>
     <span class='ocr_line' id='line_1_3' title="bbox 985 613 2348 677; baseline 0.002 -3"><span class='ocrx_word' id='word_1_9' title='bbox 985 613 1309 675; x_wconf 74' lang='lat' dir='ltr'><strong>strinxerit</strong></span> <span class='ocrx_word' id='word_1_10' title='bbox 1337 625 1406 677; x_wconf 86' lang='lat' dir='ltr'><strong>ut</strong></span> <span class='ocrx_word' id='word_1_11' title='bbox 1441 632 1666 677; x_wconf 87' lang='lat' dir='ltr'><strong>nomen</strong></span> <span class='ocrx_word' id='word_1_12' title='bbox 1690 615 1896 677; x_wconf 81' lang='lat' dir='ltr'><strong>fabula</strong></span> <span class='ocrx_word' id='word_1_13' title='bbox 1924 616 2089 677; x_wconf 86' lang='lat' dir='ltr'><strong>nulla</strong></span> <span class='ocrx_word' id='word_1_14' title='bbox 2120 632 2348 677; x_wconf 86' lang='lat' dir='ltr'><strong>meum.</strong></span> 
     </span>
     <span class='ocr_line' id='line_1_4' title="bbox 904 720 2545 800; baseline 0.005 -23"><span class='ocrx_word' id='word_1_15' title='bbox 904 720 1025 781; x_wconf 88' lang='lat' dir='ltr'><strong>Nec</strong></span> <span class='ocrx_word' id='word_1_16' title='bbox 1053 720 1373 798; x_wconf 84' lang='lat' dir='ltr'><strong>quisquam</strong></span> <span class='ocrx_word' id='word_1_17' title='bbox 1403 734 1498 784; x_wconf 86' lang='lat' dir='ltr'><strong>est</strong></span> <span class='ocrx_word' id='word_1_18' title='bbox 1523 724 1681 785; x_wconf 87' lang='lat' dir='ltr'><strong>adeo</strong></span> <span class='ocrx_word' id='word_1_19' title='bbox 1728 723 1927 785; x_wconf 86' lang='lat' dir='ltr'><strong>media</strong></span> <span class='ocrx_word' id='word_1_20' title='bbox 1956 724 2033 785; x_wconf 88' lang='lat' dir='ltr'><strong>de</strong></span> <span class='ocrx_word' id='word_1_21' title='bbox 2058 724 2239 800; x_wconf 82' lang='lat' dir='ltr'><strong>plebe</strong></span> <span class='ocrx_word' id='word_1_22' title='bbox 2268 723 2545 797; x_wconf 82' lang='lat' dir='ltr'><strong>maritus,</strong></span> 
     </span>
     <span class='ocr_line' id='line_1_5' title="bbox 990 824 2139 907; baseline 0.003 -22"><span class='ocrx_word' id='word_1_23' title='bbox 990 824 1078 889; x_wconf 85' lang='lat' dir='ltr'><strong>Ut</strong></span> <span class='ocrx_word' id='word_1_24' title='bbox 1103 826 1329 889; x_wconf 89' lang='lat' dir='ltr'><strong>dubius</strong></span> <span class='ocrx_word' id='word_1_25' title='bbox 1359 828 1502 889; x_wconf 86' lang='lat' dir='ltr'><strong>vitio</strong></span> <span class='ocrx_word' id='word_1_26' title='bbox 1533 828 1612 890; x_wconf 90' lang='lat' dir='ltr'><strong>sit</strong></span> <span class='ocrx_word' id='word_1_27' title='bbox 1643 838 1821 907; x_wconf 85' lang='lat' dir='ltr'><strong>pater</strong></span> <span class='ocrx_word' id='word_1_28' title='bbox 1848 829 1951 893; x_wconf 88' lang='lat' dir='ltr'><strong>ille</strong></span> <span class='ocrx_word' id='word_1_29' title='bbox 1977 846 2139 889; x_wconf 79' lang='lat' dir='ltr'><strong>meo,</strong></span> 
     </span>
     <span class='ocr_line' id='line_1_6' title="bbox 923 932 2425 1008; baseline 0.004 -19"><span class='ocrx_word' id='word_1_30' title='bbox 923 932 1115 994; x_wconf 89' lang='lat' dir='ltr'><strong>Crede</strong></span> <span class='ocrx_word' id='word_1_31' title='bbox 1143 932 1310 1008; x_wconf 88' lang='lat' dir='ltr'><strong>mihi,</strong></span> <span class='ocrx_word' id='word_1_32' title='bbox 1347 934 1574 997; x_wconf 89' lang='lat' dir='ltr'><strong>distant</strong></span> <span class='ocrx_word' id='word_1_33' title='bbox 1597 951 1803 997; x_wconf 88' lang='lat' dir='ltr'><strong>mores</strong></span> <span class='ocrx_word' id='word_1_34' title='bbox 1844 952 1881 997; x_wconf 88' lang='lat' dir='ltr'><strong>a</strong></span> <span class='ocrx_word' id='word_1_35' title='bbox 1908 934 2181 997; x_wconf 79' lang='lat' dir='ltr'><strong>carmine</strong></span> <span class='ocrx_word' id='word_1_36' title='bbox 2209 936 2425 997; x_wconf 80' lang='lat' dir='ltr'><strong>nostri.</strong></span> 
     </span>
     <span class='ocr_line' id='line_1_7' title="bbox 1007 1040 2287 1119; baseline 0.002 -19"><span class='ocrx_word' id='word_1_37' title='bbox 1007 1040 1139 1101; x_wconf 86' lang='lat' dir='ltr'><strong>Vita</strong></span> <span class='ocrx_word' id='word_1_38' title='bbox 1168 1043 1514 1103; x_wconf 87' lang='lat' dir='ltr'><strong>verecunda</strong></span> <span class='ocrx_word' id='word_1_39' title='bbox 1534 1052 1650 1115; x_wconf 90' lang='lat' dir='ltr'><strong>est,</strong></span> <span class='ocrx_word' id='word_1_40' title='bbox 1683 1043 1851 1105; x_wconf 85' lang='lat' dir='ltr'><strong>Musa</strong></span> <span class='ocrx_word' id='word_1_41' title='bbox 1872 1043 2091 1119; x_wconf 80' lang='lat' dir='ltr'><strong>jocosa</strong></span> <span class='ocrx_word' id='word_1_42' title='bbox 2118 1042 2287 1103; x_wconf 86' lang='lat' dir='ltr'><strong>mihi.</strong></span> 
     </span>
     <span class='ocr_line' id='line_1_8' title="bbox 921 1148 2601 1226; baseline 0.002 -19"><span class='ocrx_word' id='word_1_43' title='bbox 921 1148 1259 1226; x_wconf 84' lang='lat' dir='ltr'><strong>Magnaque</strong></span> <span class='ocrx_word' id='word_1_44' title='bbox 1288 1164 1432 1225; x_wconf 89' lang='lat' dir='ltr'><strong>pars</strong></span> <span class='ocrx_word' id='word_1_45' title='bbox 1461 1165 1721 1226; x_wconf 87' lang='lat' dir='ltr'><strong>operum</strong></span> <span class='ocrx_word' id='word_1_46' title='bbox 1750 1149 2015 1211; x_wconf 76' lang='lat' dir='ltr'><strong>mendax</strong></span> <span class='ocrx_word' id='word_1_47' title='bbox 2042 1159 2105 1211; x_wconf 88' lang='lat' dir='ltr'><strong>et</strong></span> <span class='ocrx_word' id='word_1_48' title='bbox 2133 1148 2272 1209; x_wconf 81' lang='lat' dir='ltr'><strong>ficta</strong></span> <span class='ocrx_word' id='word_1_49' title='bbox 2302 1164 2601 1223; x_wconf 88' lang='lat' dir='ltr'><strong>meorum,</strong></span> 
     </span>
     <span class='ocr_line' id='line_1_9' title="bbox 1008 1255 2211 1336; baseline 0.001 -21"><span class='ocrx_word' id='word_1_50' title='bbox 1008 1256 1148 1317; x_wconf 89' lang='lat' dir='ltr'><strong>Plus</strong></span> <span class='ocrx_word' id='word_1_51' title='bbox 1169 1255 1284 1317; x_wconf 86' lang='lat' dir='ltr'><strong>sihi</strong></span> <span class='ocrx_word' id='word_1_52' title='bbox 1325 1256 1602 1334; x_wconf 86' lang='lat' dir='ltr'><strong>permisit</strong></span> <span class='ocrx_word' id='word_1_53' title='bbox 1631 1256 2047 1336; x_wconf 81' lang='lat' dir='ltr'><strong>compositore</strong></span> <span class='ocrx_word' id='word_1_54' title='bbox 2074 1274 2211 1319; x_wconf 88' lang='lat' dir='ltr'><strong>suo.</strong></span> 
     </span>
     <span class='ocr_line' id='line_1_10' title="bbox 924 1363 2649 1443; baseline 0.002 -20"><span class='ocrx_word' id='word_1_55' title='bbox 924 1365 1044 1425; x_wconf 91' lang='lat' dir='ltr'><strong>Nec</strong></span> <span class='ocrx_word' id='word_1_56' title='bbox 1074 1363 1231 1425; x_wconf 87' lang='lat' dir='ltr'><strong>liber</strong></span> <span class='ocrx_word' id='word_1_57' title='bbox 1258 1363 1552 1425; x_wconf 87' lang='lat' dir='ltr'><strong>indicium</strong></span> <span class='ocrx_word' id='word_1_58' title='bbox 1580 1376 1677 1427; x_wconf 88' lang='lat' dir='ltr'><strong>est</strong></span> <span class='ocrx_word' id='word_1_59' title='bbox 1702 1364 1909 1425; x_wconf 87' lang='lat' dir='ltr'><strong>animi:</strong></span> <span class='ocrx_word' id='word_1_60' title='bbox 1944 1366 2053 1427; x_wconf 89' lang='lat' dir='ltr'><strong>sed</strong></span> <span class='ocrx_word' id='word_1_61' title='bbox 2081 1366 2341 1427; x_wconf 86' lang='lat' dir='ltr'><strong>honesta</strong></span> <span class='ocrx_word' id='word_1_62' title='bbox 2368 1366 2649 1443; x_wconf 80' lang='lat' dir='ltr'><strong>voluptas</strong></span> 
     </span>
     <span class='ocr_line' id='line_1_11' title="bbox 1010 1461 2705 1633; baseline 0.001 -102"><span class='ocrx_word' id='word_1_63' title='bbox 1010 1470 1274 1533; x_wconf 86' lang='lat' dir='ltr'><strong>Plurima</strong></span> <span class='ocrx_word' id='word_1_64' title='bbox 1303 1472 1644 1533; x_wconf 84' lang='lat' dir='ltr'><strong>mulcendis</strong></span> <span class='ocrx_word' id='word_1_65' title='bbox 1672 1470 1925 1533; x_wconf 86' lang='lat' dir='ltr'><strong>auribus</strong></span> <span class='ocrx_word' id='word_1_66' title='bbox 1954 1481 2095 1549; x_wconf 86' lang='lat' dir='ltr'><strong>apta</strong></span> <span class='ocrx_word' id='word_1_67' title='bbox 2124 1470 2333 1533; x_wconf 85' lang='lat' dir='ltr'><strong>refert.</strong></span> <span class='ocrx_word' id='word_1_68' title='bbox 2388 1461 2705 1633; x_wconf 51' lang='lat' dir='ltr'><em>Q</em></span> 
     </span>
     <span class='ocr_line' id='line_1_12' title="bbox 928 1578 2409 1643; baseline 0.001 -4"><span class='ocrx_word' id='word_1_69' title='bbox 928 1578 1148 1639; x_wconf 80' lang='lat' dir='ltr'><strong>Accius</strong></span> <span class='ocrx_word' id='word_1_70' title='bbox 1177 1590 1341 1641; x_wconf 88' lang='lat' dir='ltr'><strong>esset</strong></span> <span class='ocrx_word' id='word_1_71' title='bbox 1363 1590 1563 1640; x_wconf 83' lang='lat' dir='ltr'><strong>atrox:</strong></span> <span class='ocrx_word' id='word_1_72' title='bbox 1597 1579 1851 1641; x_wconf 82' lang='lat' dir='ltr'><strong>conviva</strong></span> <span class='ocrx_word' id='word_1_73' title='bbox 1879 1580 2198 1641; x_wconf 87' lang='lat' dir='ltr'><strong>Terentius</strong></span> <span class='ocrx_word' id='word_1_74' title='bbox 2226 1591 2409 1643; x_wconf 88' lang='lat' dir='ltr'><strong>esset:</strong></span> 
     </span>
     <span class='ocr_line' id='line_1_13' title="bbox 1011 1652 2437 1776; baseline 0.004 -34"><span class='ocrx_word' id='word_1_75' title='bbox 1011 1685 1230 1745; x_wconf 88' lang='lat' dir='ltr'><strong>Essent</strong></span> <span class='ocrx_word' id='word_1_76' title='bbox 1254 1700 1592 1763; x_wconf 76' lang='lat' dir='ltr'><strong>pugnaceS,</strong></span> <span class='ocrx_word' id='word_1_77' title='bbox 1627 1684 1731 1761; x_wconf 88' lang='lat' dir='ltr'><strong>qui</strong></span> <span class='ocrx_word' id='word_1_78' title='bbox 1759 1684 1889 1747; x_wconf 83' lang='lat' dir='ltr'><strong>fera</strong></span> <span class='ocrx_word' id='word_1_79' title='bbox 1916 1686 2077 1747; x_wconf 87' lang='lat' dir='ltr'><strong>bella</strong></span> <span class='ocrx_word' id='word_1_80' title='bbox 2104 1697 2355 1747; x_wconf 86' lang='lat' dir='ltr'><strong>canunt.</strong></span> <span class='ocrx_word' id='word_1_81' title='bbox 2386 1652 2437 1776; x_wconf 73' lang='lat' dir='ltr'><em>s</em></span> 
     </span>
     <span class='ocr_line' id='line_1_14' title="bbox 933 1793 2481 1872; baseline 0.002 -18"><span class='ocrx_word' id='word_1_82' title='bbox 933 1793 1204 1870; x_wconf 88' lang='lat' dir='ltr'><strong>Denique</strong></span> <span class='ocrx_word' id='word_1_83' title='bbox 1229 1793 1549 1872; x_wconf 90' lang='lat' dir='ltr'><strong>composui</strong></span> <span class='ocrx_word' id='word_1_84' title='bbox 1577 1805 1829 1857; x_wconf 88' lang='lat' dir='ltr'><strong>teneros</strong></span> <span class='ocrx_word' id='word_1_85' title='bbox 1857 1811 1981 1856; x_wconf 86' lang='lat' dir='ltr'><strong>non</strong></span> <span class='ocrx_word' id='word_1_86' title='bbox 2012 1796 2175 1859; x_wconf 85' lang='lat' dir='ltr'><strong>solus</strong></span> <span class='ocrx_word' id='word_1_87' title='bbox 2218 1812 2481 1859; x_wconf 81' lang='lat' dir='ltr'><strong>amores:</strong></span> 
     </span>
     <span class='ocr_line' id='line_1_15' title="bbox 1027 1899 2289 1979; baseline 0.002 -20"><span class='ocrx_word' id='word_1_88' title='bbox 1027 1899 1386 1979; x_wconf 83' lang='lat' dir='ltr'><strong>Composito</strong></span> <span class='ocrx_word' id='word_1_89' title='bbox 1413 1916 1632 1979; x_wconf 80' lang='lat' dir='ltr'><strong>poenas</strong></span> <span class='ocrx_word' id='word_1_90' title='bbox 1661 1902 1833 1963; x_wconf 87' lang='lat' dir='ltr'><strong>solus</strong></span> <span class='ocrx_word' id='word_1_91' title='bbox 1860 1916 2105 1963; x_wconf 87' lang='lat' dir='ltr'><strong>amores</strong></span> <span class='ocrx_word' id='word_1_92' title='bbox 2128 1901 2289 1965; x_wconf 90' lang='lat' dir='ltr'><strong>dedi.</strong></span> 
     </span>
     <span class='ocr_line' id='line_1_16' title="bbox 940 2005 2535 2077; baseline 0.003 -10"><span class='ocrx_word' id='word_1_93' title='bbox 940 2005 1093 2077; x_wconf 85' lang='lat' dir='ltr'><strong>Quid</strong></span> <span class='ocrx_word' id='word_1_94' title='bbox 1123 2005 1238 2067; x_wconf 89' lang='lat' dir='ltr'><strong>nisi</strong></span> <span class='ocrx_word' id='word_1_95' title='bbox 1267 2023 1408 2068; x_wconf 90' lang='lat' dir='ltr'><strong>cum</strong></span> <span class='ocrx_word' id='word_1_96' title='bbox 1437 2008 1632 2067; x_wconf 88' lang='lat' dir='ltr'><strong>multo</strong></span> <span class='ocrx_word' id='word_1_97' title='bbox 1663 2007 1961 2071; x_wconf 83' lang='lat' dir='ltr'><strong>Venerem</strong></span> <span class='ocrx_word' id='word_1_98' title='bbox 1991 2009 2371 2071; x_wconf 78' lang='lat' dir='ltr'><strong>confundere</strong></span> <span class='ocrx_word' id='word_1_99' title='bbox 2394 2009 2535 2071; x_wconf 80' lang='lat' dir='ltr'><strong>vino</strong></span> 
     </span>
     <span class='ocr_line' id='line_1_17' title="bbox 1006 2116 2129 2195; baseline 0.002 -19"><span class='ocrx_word' id='word_1_100' title='bbox 1006 2116 1306 2194; x_wconf 79' lang='lat' dir='ltr'><strong>Praecepit</strong></span> <span class='ocrx_word' id='word_1_101' title='bbox 1346 2116 1540 2195; x_wconf 84' lang='lat' dir='ltr'><strong>Lyrici</strong></span> <span class='ocrx_word' id='word_1_102' title='bbox 1568 2117 1709 2177; x_wconf 81' lang='lat' dir='ltr'><strong>Teia</strong></span> <span class='ocrx_word' id='word_1_103' title='bbox 1734 2118 1905 2179; x_wconf 89' lang='lat' dir='ltr'><strong>Musa</strong></span> <span class='ocrx_word' id='word_1_104' title='bbox 1936 2116 2129 2180; x_wconf 77' lang='lat' dir='ltr'><strong>senis?</strong></span> 
     </span>
     <span class='ocr_line' id='line_1_18' title="bbox 932 2221 2528 2304; baseline 0.004 -23"><span class='ocrx_word' id='word_1_105' title='bbox 932 2221 1146 2284; x_wconf 85' lang='lat' dir='ltr'><strong>Lesbia</strong></span> <span class='ocrx_word' id='word_1_106' title='bbox 1174 2222 1321 2300; x_wconf 89' lang='lat' dir='ltr'><strong>quid</strong></span> <span class='ocrx_word' id='word_1_107' title='bbox 1349 2222 1560 2283; x_wconf 88' lang='lat' dir='ltr'><strong>docuit</strong></span> <span class='ocrx_word' id='word_1_108' title='bbox 1587 2224 1858 2301; x_wconf 79' lang='lat' dir='ltr'><strong>Sappho,</strong></span> <span class='ocrx_word' id='word_1_109' title='bbox 1890 2222 2007 2285; x_wconf 89' lang='lat' dir='ltr'><strong>nisi</strong></span> <span class='ocrx_word' id='word_1_110' title='bbox 2032 2240 2239 2287; x_wconf 84' lang='lat' dir='ltr'><strong>amare</strong></span> <span class='ocrx_word' id='word_1_111' title='bbox 2264 2226 2528 2304; x_wconf 76' lang='lat' dir='ltr'><strong>puellas?</strong></span> 
     </span>
     <span class='ocr_line' id='line_1_19' title="bbox 1017 2331 2285 2409; baseline 0.002 -18"><span class='ocrx_word' id='word_1_112' title='bbox 1017 2334 1168 2393; x_wconf 86' lang='lat' dir='ltr'><strong>Tuta</strong></span> <span class='ocrx_word' id='word_1_113' title='bbox 1199 2341 1400 2391; x_wconf 87' lang='lat' dir='ltr'><strong>tamen</strong></span> <span class='ocrx_word' id='word_1_114' title='bbox 1430 2332 1701 2409; x_wconf 84' lang='lat' dir='ltr'><strong>Sappho,</strong></span> <span class='ocrx_word' id='word_1_115' title='bbox 1737 2342 1907 2393; x_wconf 87' lang='lat' dir='ltr'><strong>tutus</strong></span> <span class='ocrx_word' id='word_1_116' title='bbox 1934 2342 1999 2393; x_wconf 90' lang='lat' dir='ltr'><strong>et</strong></span> <span class='ocrx_word' id='word_1_117' title='bbox 2024 2332 2127 2395; x_wconf 87' lang='lat' dir='ltr'><strong>ille</strong></span> <span class='ocrx_word' id='word_1_118' title='bbox 2152 2331 2285 2395; x_wconf 84' lang='lat' dir='ltr'><strong>fuit.</strong></span> 
     </span>
     <span class='ocr_line' id='line_1_20' title="bbox 937 2437 2463 2520; baseline 0.003 -22"><span class='ocrx_word' id='word_1_119' title='bbox 937 2439 1058 2500; x_wconf 88' lang='lat' dir='ltr'><strong>Nec</strong></span> <span class='ocrx_word' id='word_1_120' title='bbox 1089 2438 1220 2511; x_wconf 85' lang='lat' dir='ltr'><strong>tibi,</strong></span> <span class='ocrx_word' id='word_1_121' title='bbox 1253 2438 1546 2513; x_wconf 85' lang='lat' dir='ltr'><strong>Battiade,</strong></span> <span class='ocrx_word' id='word_1_122' title='bbox 1579 2438 1814 2513; x_wconf 85' lang='lat' dir='ltr'><strong>nocuit,</strong></span> <span class='ocrx_word' id='word_1_123' title='bbox 1847 2440 2015 2518; x_wconf 88' lang='lat' dir='ltr'><strong>quod</strong></span> <span class='ocrx_word' id='word_1_124' title='bbox 2044 2457 2209 2519; x_wconf 87' lang='lat' dir='ltr'><strong>saepe</strong></span> <span class='ocrx_word' id='word_1_125' title='bbox 2236 2437 2463 2520; x_wconf 78' lang='lat' dir='ltr'><strong>legenti</strong></span> 
     </span>
     <span class='ocr_line' id='line_1_21' title="bbox 1021 2544 2155 2626; baseline 0.002 -20"><span class='ocrx_word' id='word_1_126' title='bbox 1021 2544 1280 2608; x_wconf 80' lang='lat' dir='ltr'><strong>Delicias</strong></span> <span class='ocrx_word' id='word_1_127' title='bbox 1309 2563 1492 2608; x_wconf 87' lang='lat' dir='ltr'><strong>versu</strong></span> <span class='ocrx_word' id='word_1_128' title='bbox 1521 2546 1719 2610; x_wconf 75' lang='lat' dir='ltr'><strong>fassus</strong></span> <span class='ocrx_word' id='word_1_129' title='bbox 1744 2563 1813 2608; x_wconf 87' lang='lat' dir='ltr'><strong>es</strong></span> <span class='ocrx_word' id='word_1_130' title='bbox 1840 2546 1973 2626; x_wconf 91' lang='lat' dir='ltr'><strong>ipse</strong></span> <span class='ocrx_word' id='word_1_131' title='bbox 1998 2557 2155 2610; x_wconf 85' lang='lat' dir='ltr'><strong>tuas.</strong></span> 
     </span>
     <span class='ocr_line' id='line_1_22' title="bbox 939 2652 2519 2730; baseline 0.002 -17"><span class='ocrx_word' id='word_1_132' title='bbox 939 2653 1165 2714; x_wconf 86' lang='lat' dir='ltr'><strong>Fabula</strong></span> <span class='ocrx_word' id='word_1_133' title='bbox 1187 2652 1447 2730; x_wconf 88' lang='lat' dir='ltr'><strong>jucundi</strong></span> <span class='ocrx_word' id='word_1_134' title='bbox 1475 2653 1642 2716; x_wconf 88' lang='lat' dir='ltr'><strong>nulla</strong></span> <span class='ocrx_word' id='word_1_135' title='bbox 1669 2663 1766 2714; x_wconf 88' lang='lat' dir='ltr'><strong>est</strong></span> <span class='ocrx_word' id='word_1_136' title='bbox 1792 2652 1925 2715; x_wconf 88' lang='lat' dir='ltr'><strong>sine</strong></span> <span class='ocrx_word' id='word_1_137' title='bbox 1951 2670 2161 2716; x_wconf 89' lang='lat' dir='ltr'><strong>amore</strong></span> <span class='ocrx_word' id='word_1_138' title='bbox 2185 2655 2519 2730; x_wconf 80' lang='lat' dir='ltr'><strong>Menandri3</strong></span> 
     </span>
     <span class='ocr_line' id='line_1_23' title="bbox 1021 2759 2305 2842; baseline 0.002 -21"><span class='ocrx_word' id='word_1_139' title='bbox 1021 2760 1096 2822; x_wconf 86' lang='lat' dir='ltr'><strong>Et</strong></span> <span class='ocrx_word' id='word_1_140' title='bbox 1125 2760 1283 2822; x_wconf 90' lang='lat' dir='ltr'><strong>solet</strong></span> <span class='ocrx_word' id='word_1_141' title='bbox 1309 2759 1410 2821; x_wconf 90' lang='lat' dir='ltr'><strong>hic</strong></span> <span class='ocrx_word' id='word_1_142' title='bbox 1437 2759 1646 2839; x_wconf 83' lang='lat' dir='ltr'><strong>pueris</strong></span> <span class='ocrx_word' id='word_1_143' title='bbox 1676 2759 2135 2840; x_wconf 79' lang='lat' dir='ltr'><strong>virginibusque</strong></span> <span class='ocrx_word' id='word_1_144' title='bbox 2161 2763 2305 2842; x_wconf 85' lang='lat' dir='ltr'><strong>legi.</strong></span> 
     </span>
     <span class='ocr_line' id='line_1_24' title="bbox 931 2868 2523 2950; baseline 0.001 -20"><span class='ocrx_word' id='word_1_145' title='bbox 931 2869 1068 2932; x_wconf 88' lang='lat' dir='ltr'><strong>llias</strong></span> <span class='ocrx_word' id='word_1_146' title='bbox 1095 2869 1232 2948; x_wconf 86' lang='lat' dir='ltr'><strong>ipsa</strong></span> <span class='ocrx_word' id='word_1_147' title='bbox 1261 2869 1408 2948; x_wconf 88' lang='lat' dir='ltr'><strong>quid</strong></span> <span class='ocrx_word' id='word_1_148' title='bbox 1438 2881 1554 2946; x_wconf 86' lang='lat' dir='ltr'><strong>est,</strong></span> <span class='ocrx_word' id='word_1_149' title='bbox 1586 2868 1705 2932; x_wconf 89' lang='lat' dir='ltr'><strong>nisi</strong></span> <span class='ocrx_word' id='word_1_150' title='bbox 1734 2870 1935 2950; x_wconf 87' lang='lat' dir='ltr'><strong>turpis</strong></span> <span class='ocrx_word' id='word_1_151' title='bbox 1963 2871 2265 2946; x_wconf 89' lang='lat' dir='ltr'><strong>adultera,</strong></span> <span class='ocrx_word' id='word_1_152' title='bbox 2296 2872 2375 2933; x_wconf 92' lang='lat' dir='ltr'><strong>de</strong></span> <span class='ocrx_word' id='word_1_153' title='bbox 2400 2888 2523 2950; x_wconf 80' lang='lat' dir='ltr'><strong>qua</strong></span> 
     </span>
     <span class='ocr_line' id='line_1_25' title="bbox 1013 2976 2298 3055; baseline 0 -18"><span class='ocrx_word' id='word_1_154' title='bbox 1013 2977 1180 3038; x_wconf 87' lang='lat' dir='ltr'><strong>Inter</strong></span> <span class='ocrx_word' id='word_1_155' title='bbox 1207 2986 1544 3037; x_wconf 81' lang='lat' dir='ltr'><strong>amatorem</strong></span> <span class='ocrx_word' id='word_1_156' title='bbox 1573 2993 1781 3054; x_wconf 84' lang='lat' dir='ltr'><strong>pugna</strong></span> <span class='ocrx_word' id='word_1_157' title='bbox 1808 2976 2131 3055; x_wconf 85' lang='lat' dir='ltr'><strong>virumque</strong></span> <span class='ocrx_word' id='word_1_158' title='bbox 2156 2976 2298 3038; x_wconf 75' lang='lat' dir='ltr'><strong>fuit?</strong></span> 
     </span>
     <span class='ocr_line' id='line_1_26' title="bbox 934 3083 2547 3164; baseline 0.001 -19"><span class='ocrx_word' id='word_1_159' title='bbox 934 3083 1087 3156; x_wconf 86' lang='lat' dir='ltr'><strong>Quid</strong></span> <span class='ocrx_word' id='word_1_160' title='bbox 1114 3083 1288 3162; x_wconf 89' lang='lat' dir='ltr'><strong>prius</strong></span> <span class='ocrx_word' id='word_1_161' title='bbox 1315 3095 1412 3147; x_wconf 87' lang='lat' dir='ltr'><strong>est</strong></span> <span class='ocrx_word' id='word_1_162' title='bbox 1439 3083 1561 3144; x_wconf 89' lang='lat' dir='ltr'><strong>illic</strong></span> <span class='ocrx_word' id='word_1_163' title='bbox 1591 3085 1833 3146; x_wconf 83' lang='lat' dir='ltr'><strong>flamma</strong></span> <span class='ocrx_word' id='word_1_164' title='bbox 1856 3084 2242 3164; x_wconf 79' lang='lat' dir='ltr'><strong>ChryseidoS,</strong></span> <span class='ocrx_word' id='word_1_165' title='bbox 2272 3095 2380 3146; x_wconf 87' lang='lat' dir='ltr'><strong>aut</strong></span> <span class='ocrx_word' id='word_1_166' title='bbox 2406 3101 2547 3163; x_wconf 87' lang='lat' dir='ltr'><strong>quae</strong></span> 
     </span>
     <span class='ocr_line' id='line_1_27' title="bbox 1015 3191 2147 3270; baseline 0.001 -19"><span class='ocrx_word' id='word_1_167' title='bbox 1015 3191 1250 3253; x_wconf 87' lang='lat' dir='ltr'><strong>Fecerit</strong></span> <span class='ocrx_word' id='word_1_168' title='bbox 1269 3191 1462 3254; x_wconf 86' lang='lat' dir='ltr'><strong>iratos</strong></span> <span class='ocrx_word' id='word_1_169' title='bbox 1488 3201 1665 3270; x_wconf 86' lang='lat' dir='ltr'><strong>rapta</strong></span> <span class='ocrx_word' id='word_1_170' title='bbox 1694 3193 1901 3270; x_wconf 87' lang='lat' dir='ltr'><strong>puella</strong></span> <span class='ocrx_word' id='word_1_171' title='bbox 1927 3192 2147 3253; x_wconf 81' lang='lat' dir='ltr'><strong>duces?</strong></span> 
     </span>
     <span class='ocr_line' id='line_1_28' title="bbox 933 3294 2721 3374; baseline 0.003 -19"><span class='ocrx_word' id='word_1_172' title='bbox 933 3296 1050 3357; x_wconf 82' lang='lat' dir='ltr'><strong>Aut</strong></span> <span class='ocrx_word' id='word_1_173' title='bbox 1078 3295 1223 3374; x_wconf 89' lang='lat' dir='ltr'><strong>quid</strong></span> <span class='ocrx_word' id='word_1_174' title='bbox 1251 3297 1516 3374; x_wconf 85' lang='lat' dir='ltr'><strong>Odyssea</strong></span> <span class='ocrx_word' id='word_1_175' title='bbox 1543 3307 1660 3368; x_wconf 90' lang='lat' dir='ltr'><strong>est,</strong></span> <span class='ocrx_word' id='word_1_176' title='bbox 1692 3295 1809 3355; x_wconf 89' lang='lat' dir='ltr'><strong>nisi</strong></span> <span class='ocrx_word' id='word_1_177' title='bbox 1836 3294 2108 3368; x_wconf 84' lang='lat' dir='ltr'><strong>foemina,</strong></span> <span class='ocrx_word' id='word_1_178' title='bbox 2140 3307 2401 3374; x_wconf 85' lang='lat' dir='ltr'><strong>propter</strong></span> <span class='ocrx_word' id='word_1_179' title='bbox 2428 3313 2721 3372; x_wconf 84' lang='lat' dir='ltr'><strong>amorem,</strong></span> 
     </span>
     <span class='ocr_line' id='line_1_29' title="bbox 1027 3398 2396 3478; baseline 0.001 -17"><span class='ocrx_word' id='word_1_180' title='bbox 1027 3403 1180 3461; x_wconf 89' lang='lat' dir='ltr'><strong>Dum</strong></span> <span class='ocrx_word' id='word_1_181' title='bbox 1209 3401 1300 3460; x_wconf 83' lang='lat' dir='ltr'><strong>vir</strong></span> <span class='ocrx_word' id='word_1_182' title='bbox 1327 3400 1523 3474; x_wconf 87' lang='lat' dir='ltr'><strong>abest,</strong></span> <span class='ocrx_word' id='word_1_183' title='bbox 1557 3398 1767 3462; x_wconf 90' lang='lat' dir='ltr'><strong>multis</strong></span> <span class='ocrx_word' id='word_1_184' title='bbox 1797 3416 1917 3460; x_wconf 86' lang='lat' dir='ltr'><strong>una</strong></span> <span class='ocrx_word' id='word_1_185' title='bbox 1945 3399 2135 3478; x_wconf 86' lang='lat' dir='ltr'><strong>petita</strong></span> <span class='ocrx_word' id='word_1_186' title='bbox 2162 3401 2396 3478; x_wconf 72' lang='lat' dir='ltr'><strong>procis?</strong></span> 
     </span>
     <span class='ocr_line' id='line_1_30' title="bbox 935 3505 2551 3590; baseline 0.003 -22"><span class='ocrx_word' id='word_1_187' title='bbox 935 3507 1076 3578; x_wconf 87' lang='lat' dir='ltr'><strong>Quis</strong></span> <span class='ocrx_word' id='word_1_188' title='bbox 1105 3508 1220 3568; x_wconf 89' lang='lat' dir='ltr'><strong>nisi</strong></span> <span class='ocrx_word' id='word_1_189' title='bbox 1248 3505 1576 3570; x_wconf 79' lang='lat' dir='ltr'><strong>Maeonides</strong></span> <span class='ocrx_word' id='word_1_190' title='bbox 1603 3508 1899 3569; x_wconf 85' lang='lat' dir='ltr'><strong>Venerem</strong></span> <span class='ocrx_word' id='word_1_191' title='bbox 1927 3508 2304 3588; x_wconf 86' lang='lat' dir='ltr'><strong>Martemque</strong></span> <span class='ocrx_word' id='word_1_192' title='bbox 2332 3509 2551 3590; x_wconf 83' lang='lat' dir='ltr'><strong>ligatos</strong></span> 
     </span>
     <span class='ocr_line' id='line_1_31' title="bbox 1019 3612 2403 3694; baseline 0.002 -21"><span class='ocrx_word' id='word_1_193' title='bbox 1019 3615 1235 3674; x_wconf 86' lang='lat' dir='ltr'><strong>Narrat</strong></span> <span class='ocrx_word' id='word_1_194' title='bbox 1263 3612 1325 3674; x_wconf 90' lang='lat' dir='ltr'><strong>in</strong></span> <span class='ocrx_word' id='word_1_195' title='bbox 1354 3614 1655 3678; x_wconf 86' lang='lat' dir='ltr'><strong>obscoeno</strong></span> <span class='ocrx_word' id='word_1_196' title='bbox 1685 3631 1952 3694; x_wconf 87' lang='lat' dir='ltr'><strong>corpora</strong></span> <span class='ocrx_word' id='word_1_197' title='bbox 1978 3632 2205 3694; x_wconf 87' lang='lat' dir='ltr'><strong>prensa</strong></span> <span class='ocrx_word' id='word_1_198' title='bbox 2234 3617 2403 3678; x_wconf 73' lang='lat' dir='ltr'><strong>toro?</strong></span> 
     </span>
     <span class='ocr_line' id='line_1_32' title="bbox 939 3710 2365 3804; baseline 0.002 -21"><span class='ocrx_word' id='word_1_199' title='bbox 939 3710 1110 3784; x_wconf 87' lang='lat' dir='ltr'><strong>Unde</strong></span> <span class='ocrx_word' id='word_1_200' title='bbox 1141 3719 1254 3782; x_wconf 89' lang='lat' dir='ltr'><strong>nisi</strong></span> <span class='ocrx_word' id='word_1_201' title='bbox 1283 3720 1509 3784; x_wconf 88' lang='lat' dir='ltr'><strong>indicio</strong></span> <span class='ocrx_word' id='word_1_202' title='bbox 1539 3720 1743 3804; x_wconf 80' lang='lat' dir='ltr'><strong>magni</strong></span> <span class='ocrx_word' id='word_1_203' title='bbox 1773 3722 2071 3786; x_wconf 89' lang='lat' dir='ltr'><strong>sciremus</strong></span> <span class='ocrx_word' id='word_1_204' title='bbox 2100 3722 2365 3799; x_wconf 81' lang='lat' dir='ltr'><strong>Homeri,</strong></span> 
     </span>
    </p>
   </div>
   <div class='ocr_carea' id='block_1_2' title="bbox 1121 3901 1256 3920">
    <p class='ocr_par' dir='ltr' id='par_1_2' title="bbox 1121 3901 1256 3920">
     <span class='ocr_line' id='line_1_33' title="bbox 1121 3901 1256 3920; baseline 0.007 -3"><span class='ocrx_word' id='word_1_205' title='bbox 1121 3901 1256 3920; x_wconf 52' lang='lat' dir='ltr'><strong>.-.a-...a</strong></span> 
     </span>
    </p>
   </div>
   <div class='ocr_carea' id='block_1_3' title="bbox 3306 2257 3308 3522">
    <p class='ocr_par' dir='ltr' id='par_1_3' title="bbox 3306 2257 3308 3522">
     <span class='ocr_line' id='line_1_34' title="bbox 3306 2257 3308 3522; baseline 0 0"><span class='ocrx_word' id='word_1_206' title='bbox 3306 2257 3308 3522; x_wconf 95' lang='lat' dir='ltr'><strong> </strong></span> 
     </span>
    </p>
   </div>
   <div class='ocr_carea' id='block_1_4' title="bbox 3306 2257 3308 4037">
    <p class='ocr_par' dir='ltr' id='par_1_4' title="bbox 3306 2257 3308 4037">
     <span class='ocr_line' id='line_1_35' title="bbox 3306 2257 3308 4037; baseline 0 0"><span class='ocrx_word' id='word_1_207' title='bbox 3306 2257 3308 4037; x_wconf 95' lang='lat' dir='ltr'><strong> </strong></span> 
     </span>
    </p>
   </div>
  </div>
 </body>
</html>
