3334 5175
1315 350 1514 407 —7...

448 470 572 532 Nec
603 469 708 533 tihi
741 471 818 531 sit
845 475 1008 533 lecto
1038 473 1420 550 displicuisse
1447 477 1671 551 pudor.

363 578 495 637 Non
527 579 608 637 ita
635 596 702 637 se
731 580 910 639 nobis
935 581 1172 657 praehet
1200 580 1446 640 fortuna
1472 583 1829 653 secundam,

449 688 524 747 Ut
553 687 663 747 tibi
692 687 770 747 sit
799 690 952 748 ratio
980 689 1176 750 laudis
1205 690 1483 751 habenda
1511 702 1655 751 tuae.

365 794 571 853 Donec
603 809 770 853 eram
801 809 1044 871 sospeS,
1071 794 1228 854 tituli
1257 796 1554 872 tangebar
1581 812 1814 867 amore,

449 900 897 978 Quaerendique
928 903 1072 961 mihi
1101 904 1364 964 nominis
1393 906 1581 965 ardor
1610 916 1764 965 erat.

368 1004 650 1065 Carmina
675 1024 841 1066 nunc
873 1008 924 1066 si
950 1025 1076 1067 non
1099 1010 1514 1086 studiumque,
1547 1011 1715 1086 quod
1742 1010 1959 1083 obfuit,
1993 1011 2116 1082 odi,

455 1112 542 1171 Sit
569 1113 738 1172 satis:
770 1114 1018 1191 ingenio
1047 1116 1136 1174 sic
1166 1116 1310 1194 fuga
1333 1127 1511 1193 parta
1541 1133 1702 1177 meo.

371 1220 393 1276 Ι
425 1229 652 1290 tamen,
683 1219 702 1277 i
730 1237 845 1296 pro
876 1236 994 1279 me:
1032 1230 1120 1292 tu,
1155 1220 1255 1280 cui
1279 1220 1442 1293 licet,
1475 1222 1725 1299 adspice
1754 1224 2026 1283 Romam.

453 1328 520 1387 Di
551 1329 847 1402 facerent,
882 1346 1100 1405 posses
1132 1347 1258 1391 non
1287 1348 1462 1391 meus
1491 1348 1628 1391 esse
1657 1331 1835 1392 liber!

367 1434 488 1495 Nec
518 1444 603 1506 te,
638 1435 805 1510 quod
833 1434 1040 1495 venias
1071 1451 1355 1513 magnam
1385 1436 1749 1513 peregrinus
1776 1436 1840 1495 in
1870 1437 2108 1509 urbem,

455 1543 740 1619 Ignotum
769 1544 1000 1619 populo
1031 1560 1216 1620 posse
1245 1544 1452 1603 venire
1479 1555 1649 1621 puta.

371 1650 447 1708 Ut
476 1649 654 1709 titulo
685 1666 915 1721 careaS,
946 1650 1084 1727 ipso
1113 1668 1372 1711 noscere
1401 1652 1634 1712 colore:

449 1754 838 1818 Dissimulare
865 1754 1013 1816 velis
1042 1766 1104 1816 te
1133 1756 1274 1817 licet
1303 1774 1440 1819 esse
1469 1774 1695 1818 meum.

366 1865 533 1925 Clam
560 1873 765 1923 tamen
793 1864 1040 1925 intrato:
1069 1883 1148 1926 ne
1176 1876 1238 1926 te
1268 1884 1402 1927 mea
1432 1867 1703 1927 carmina
1731 1868 1977 1928 laedant.

447 1972 580 2032 Non
611 1982 775 2043 sunt,
808 1985 878 2033 ut
907 1974 1216 2050 quondam
1243 1975 1428 2059 plena
1453 1975 1686 2035 favoris
1716 1986 1910 2036 erant.

367 2077 430 2137 Si
461 2076 600 2154 quis
629 2076 769 2149 erit,
802 2079 906 2155 qui
933 2090 1018 2151 te,
1051 2080 1190 2157 quia
1219 2080 1302 2141 sis
1332 2098 1528 2152 meUS,
1561 2098 1699 2141 esse
1728 2081 2057 2157 legendum

453 2186 586 2245 Non
613 2196 810 2263 putet,
845 2205 879 2247 e
907 2187 1142 2265 gremio
1173 2186 1530 2263 rejiciatque
1559 2202 1697 2259 suo,

372 2292 631 2370 inspice,
666 2291 788 2364 dic,
821 2292 1086 2352 titulum:
1119 2292 1250 2351 Non
1281 2309 1417 2352 sum
1444 2302 1795 2370 praeceptor
1822 2293 2069 2353 amoris:

454 2402 612 2472 Quas
641 2401 864 2461 meruit
891 2416 1132 2478 poenaS,
1159 2402 1288 2477 jam
1317 2401 1484 2462 dedit
1511 2400 1661 2461 illud
1690 2420 1868 2479 opus.

373 2508 648 2571 Forsitan
678 2519 1023 2587 exspecteS,
1051 2526 1129 2569 an
1156 2508 1217 2567 in
1248 2511 1368 2570 alta
1393 2510 1614 2587 palatia
1642 2509 1895 2571 missum

451 2617 758 2676 Scandere
791 2627 848 2676 te
871 2617 1123 2692 jubeam
1152 2617 1613 2694 Caesareamque
1643 2617 1916 2678 domum.

370 2727 699 2804 ignoscant
728 2736 986 2802 augusta
1013 2724 1160 2785 mihi
1189 2727 1347 2797 loca,
1377 2725 1560 2803 dique
1584 2726 1889 2786 locorum:

449 2833 626 2894 Venit
653 2833 714 2892 in
745 2835 864 2893 hoc
893 2832 992 2893 illa
1020 2833 1252 2893 fulmen
1282 2834 1358 2893 ab
1387 2850 1529 2893 arce
1559 2844 1764 2911 caput.

369 2943 516 3002 Esse
547 2938 792 3016 quidem
820 2939 1066 3000 memini
1094 2939 1410 3000 mitissima
1438 2939 1687 3000 sedibus
1715 2939 1832 2998 illis

451 3047 728 3118 Numina,
763 3047 871 3106 sed
900 3047 1086 3106 timeo
1117 3046 1222 3122 qui
1249 3063 1520 3107 nocuere
1549 3047 1722 3107 deos.

371 3154 661 3210 Terretur
687 3151 936 3212 minimo
965 3167 1187 3228 pennae
1216 3151 1480 3211 stridore
1509 3153 1817 3222 columba,

457 3257 800 3336 Unguibus,
835 3258 1148 3336 accipiter,
1183 3257 1390 3318 saucia
1418 3258 1578 3317 facta
1609 3257 1749 3317 tuis:

372 3369 492 3427 Nec
519 3369 737 3444 procul
767 3384 802 3427 a
830 3366 1084 3428 stabulis
1113 3369 1298 3428 audet
1324 3367 1636 3438 secedere,
1672 3365 1721 3426 si
1752 3383 1874 3442 qua

454 3475 725 3534 Excussa
755 3484 848 3534 est
872 3474 1028 3534 avidi
1058 3473 1343 3533 dentibus
1372 3489 1528 3547 agna
1556 3472 1707 3548 lupi.

373 3580 601 3638 Vitat-ct
631 3579 856 3640 coelum
889 3581 1176 3650 phaeton,
1211 3578 1261 3638 si
1292 3577 1539 3648 viveret3
1575 3587 1636 3636 et
1665 3594 1821 3653 quos

457 3686 703 3758 optarat
735 3686 940 3756 stulte,
977 3695 1224 3760 tangere
1254 3684 1446 3744 nollet
1475 3699 1691 3760 equos‚
