3334 5175
1792 345 2033 405 ...53-

874 476 1016 539 Vive
1043 477 1174 539 sine
1201 476 1445 549 invidia,
1476 476 1819 553 mollesque
1844 475 2147 553 inglorius
2174 492 2373 537 annos

970 584 1184 662 Exige,
1216 582 1512 645 amicitias
1541 594 1604 645 et
1632 583 1743 645 tibi
1762 584 1961 661 junge
1988 598 2193 662 pares:

873 688 1248 767 Nasonisque
1275 688 1384 761 tui,
1419 690 1589 765 quod
1615 690 1820 751 adhuc
1846 706 1973 749 non
2000 690 2245 751 exsulat
2270 706 2485 763 unum,

958 796 1192 856 Nomen
1229 811 1388 856 ama.
1422 795 1747 873 Scythicus
1776 806 2005 856 caetera
2032 797 2263 857 Pontus
2293 797 2499 857 habet.

889 900 1176 961 Proxima
1207 901 1516 963 sideribus
1544 902 1728 963 tellus
1762 899 2233 978 Erymanthidos
2259 902 2431 965 Ursae

971 1010 1066 1071 Me
1091 1020 1283 1082 tenet3
1313 1010 1612 1073 adstricto
1641 1019 1809 1071 terra
1836 1019 2089 1087 perusta
2116 1011 2283 1087 gelu.

879 1118 1191 1196 Bosporos
1224 1128 1288 1179 et
1321 1117 1538 1178 Tanais
1572 1128 1889 1195 superant,
1922 1117 2345 1196 Scythicaeque
2370 1117 2651 1197 paludes,

964 1227 1199 1305 Vixque
1229 1226 1378 1288 satis
1407 1226 1538 1287 noti
1565 1226 1815 1287 nomina
1842 1242 2039 1305 pauca
2069 1225 2213 1287 loci.

887 1334 1151 1397 Ulterius
1181 1334 1330 1395 nihil
1358 1345 1476 1407 est,
1505 1334 1622 1395 nisi
1657 1352 1785 1395 uon
1809 1333 2139 1397 habitabile
2168 1333 2385 1411 frigus.

969 1439 1120 1501 Heu!
1166 1456 1350 1517 quam
1377 1439 1576 1501 vicina
1606 1449 1701 1501 est
1730 1438 1947 1501 ultima
1982 1448 2147 1499 terra
2175 1437 2346 1499 mihi!

883 1548 958 1608 At
989 1549 1174 1625 longe
1210 1546 1408 1625 patria
1437 1557 1552 1608 est:
1585 1548 1771 1624 longe
1809 1544 2123 1607 carissima
2149 1546 2405 1623 conjux,

978 1652 1281 1729 Quidquid
1305 1662 1368 1713 et
1394 1653 1528 1713 haec
1557 1652 1739 1713 nobis
1764 1662 1909 1729 post
1936 1653 2061 1714 duo
2090 1652 2273 1713 dulce
2298 1651 2433 1712 fuit.

885 1758 984 1819 Sic
1015 1770 1221 1819 tamen
1251 1758 1386 1819 haec
1415 1759 1660 1829 absunt,
1694 1768 1761 1819 ut
1787 1773 1927 1835 quae
1956 1756 2319 1835 contingere
2346 1773 2472 1816 non
2501 1768 2595 1818 est

978 1864 1272 1941 Corpore,
1311 1863 1436 1925 sint
1472 1863 1677 1924 animo
1720 1872 1944 1925 cuncta
1970 1861 2231 1924 videnda
2262 1878 2424 1923 meo,

895 1972 1050 2034 Ante
1082 1973 1300 2034 oculos
1331 1982 1544 2033 errant
1571 1972 1817 2043 domus,
1848 1971 2021 2043 urbS,
2055 1980 2118 2030 et
2146 1970 2342 2031 forma
2373 1971 2679 2042 locorum,

987 2081 1462 2158 Succeduntque
1495 2080 1622 2141 suis
1649 2079 1891 2158 singula
1916 2078 2075 2139 facta
2100 2077 2275 2139 locis.

897 2188 1194 2268 conjugis
1234 2198 1376 2250 ante
1403 2188 1644 2261 oculoS‚
1678 2185 1837 2248 sicut
1863 2185 2209 2264 praesentis,
2241 2186 2443 2266 imago
2484 2195 2601 2247 est:

977 2297 1082 2357 llla
1119 2313 1291 2358 meos
1322 2313 1504 2358 casus
1533 2295 1833 2374 ingravat,
1865 2294 1967 2355 illa
2005 2296 2187 2357 levat:

895 2407 1178 2483 ingravat
1202 2405 1344 2477 hoc,
1386 2405 1554 2482 quod
1579 2403 1778 2463 abest:
1810 2403 1972 2463 levat
1995 2404 2137 2477 hoc,
2168 2403 2338 2479 quod
2364 2411 2617 2481 praestat
2642 2417 2940 2474 amorem,

988 2510 1474 2590 impositumque
1501 2509 1618 2569 sibi
1647 2510 1821 2569 firma
1846 2518 2055 2570 tuetur
2082 2526 2264 2571 onus.

899 2621 1022 2680 Vos
1058 2635 1307 2696 quoque
1329 2616 1687 2695 pectoribus
1716 2615 1945 2676 nostris
1970 2615 2240 2690 haeretis,
2270 2617 2472 2691 amici,

987 2727 1204 2788 Dicere
1251 2743 1408 2804 quos
1427 2724 1621 2803 ‹eupio
1659 2724 1909 2786 nomine
1938 2741 2244 2804 quemque
2278 2743 2415 2787 suo:

893 2835 1013 2898 Sed
1054 2834 1242 2896 timor
1271 2832 1541 2894 officium
1583 2843 1801 2894 cautus
1836 2831 2193 2910 compescit3
2225 2843 2291 2895 et
2318 2831 2491 2910 ipsos

982 2941 1049 3000 ln
1081 2949 1300 3001 nostro
1328 2937 1478 3017 poni
1505 2937 1780 3000 carmine
1808 2938 1973 2998 nolle
2019 2947 2193 3015 puto,

904 3047 1061 3108 Ante
1085 3047 1185 3106 vol
1193 3045 1410 3118 ebatiS,
1445 3045 1728 3124 gratique
1748 3055 1881 3107 erat
1908 3044 2099 3106 instar
2120 3045 2375 3106 honoris

989 3149 1284 3214 Versibus
1305 3150 1368 3211 in
1399 3149 1629 3213 nostris
1651 3151 1902 3212 nomina
1929 3161 2134 3213 vestra
2161 3151 2303 3232 legi.

909 3254 1083 3334 Quod
1105 3256 1396 3337 quoniam
1425 3269 1520 3319 est
1549 3274 1804 3334 atacem,
1836 3257 1997 3318 intra
2026 3273 2161 3316 mea
2186 3267 2439 3333 pectora
2470 3273 2777 3336 quemque

981 3366 1316 3443 Adloquar,
1349 3373 1414 3424 et
1441 3361 1594 3422 nulli
1623 3377 1809 3424 causa
1847 3360 2085 3421 timoris
2112 3378 2245 3421 ero.

908 3475 1031 3536 Nec
1061 3489 1233 3534 meus
1261 3469 1490 3533 indicio
1518 3469 1829 3533 latitantes
1859 3487 2073 3532 versus
2100 3471 2331 3533 amicos

992 3577 1338 3638 protrahet.
1368 3576 1625 3640 0001ssoe
1654 3576 1707 3638 si
1732 3576 1874 3654 quis
1908 3576 2150 3648 amavit,
2184 3587 2370 3640 amet.

903 3683 1066 3748 Scite
1093 3693 1323 3758 tamen,
1357 3683 1633 3763 quamvis
1659 3684 1849 3763 longa
1870 3683 2123 3762 regione
2148 3693 2423 3748 remotus
