3334 5175
1289 386 1577 450 —107-

478 516 695 579 Ferrea
726 536 861 579 sors
896 518 1037 580 vitae
1068 518 1453 599 difficilisque
1483 520 1737 599 premit:

401 623 509 684 Illo
539 641 651 685 nec
677 624 867 713 levius
895 624 1111 698 cecidi,
1144 642 1331 703 quem
1360 642 1583 705 magna
1614 627 1904 687 locutum

482 732 763 810 Reppulit
788 748 825 793 a
849 730 1070 795 Thebis
1094 732 1337 811 Jupiter
1375 734 1525 812 igne
1557 750 1700 795 suo.

397 834 470 895 Ut
496 847 699 897 tamen
726 836 949 899 audisti
976 854 1343 916 percussum
1379 836 1643 899 fulmine
1672 848 1907 909 vatem,

481 943 809 1006 Admonitu
838 947 1047 1007 matris
1076 928 1479 1009 condoluisse
1505 957 1715 1025 poteS.

400 1052 473 1113 Et
500 1064 698 1131 ports,
726 1055 1075 1133 adspiciens
1102 1056 1339 1119 circum
1376 1067 1481 1119 tua
1514 1073 1693 1119 sacra
1721 1066 1962 1135 poetas,

480 1161 699 1224 Nescio
726 1163 863 1240 quis
894 1163 1117 1239 nostri,
1150 1164 1390 1239 dicere,
1434 1165 1639 1227 cultor
1673 1166 1874 1226 abest.

401 1264 534 1341 Fer,
568 1269 754 1343 bone,
785 1268 963 1330 Liber
988 1286 1201 1348 opem:
1236 1270 1327 1331 sic
1360 1271 1549 1331 altam
1582 1271 1878 1348 degravet
1906 1268 2140 1330 ulmum

485 1373 657 1447 Vitis,
690 1384 755 1434 et
778 1374 1017 1435 incluso
1046 1376 1233 1451 plena
1260 1374 1341 1435 sit
1369 1390 1488 1435 uva
1522 1390 1726 1435 mero:

402 1478 499 1539 Sic
529 1478 639 1540 tibi
666 1496 810 1539 cum
836 1478 1087 1539 Bacchis
1114 1480 1475 1557 Satyrorum
1506 1493 1702 1557 gnava
1727 1478 2028 1554 juventus

486 1586 684 1659 Adsit,
717 1596 779 1645 et
805 1586 1065 1648 attonito
1092 1603 1219 1647 non
1248 1595 1494 1648 taceare
1528 1602 1712 1647 sono.

404 1694 559 1754 Ossa
584 1692 947 1771 bipenniferi
974 1694 1063 1755 sic
1090 1693 1213 1755 sint
1238 1694 1401 1755 male
1424 1709 1639 1771 pressa
1673 1693 1958 1773 Lycurgi,

493 1802 685 1879 Impia
710 1819 825 1863 nec
852 1819 1039 1880 poena
1064 1804 1372 1865 Pentheos
1400 1804 1624 1865 umbra
1652 1811 1856 1865 vacet:

410 1908 509 1971 Sic
538 1910 723 1972 micet
756 1921 1078 1972 aeternum.
1110 1910 1433 1989 vicinaque
1470 1907 1672 1972 sidera
1701 1910 1905 1972 vincat

494 2017 785 2096 conjugis
819 2017 881 2079 in
910 2020 1073 2081 coelo
1106 2020 1324 2081 Cressa
1356 2035 1595 2081 corona
1624 2028 1776 2081 tuae.
2153 2092 2156 2097 ¹

405 2126 544 2187 Huc
572 2127 744 2201 adeS,
776 2137 839 2188 et
865 2144 1047 2187 casus
1076 2128 1340 2199 releveS,
1370 2126 1810 2204 pulcherrime,
1846 2137 2123 2201 nostros;

493 2232 701 2303 Unum
731 2232 810 2293 de
837 2246 1095 2292 numero
1137 2245 1241 2292 me
1267 2246 1507 2291 memor
1536 2246 1676 2291 esse
1706 2238 1843 2292 tuo.

407 2343 571 2402 Sunt
598 2340 697 2401 Dis
730 2339 893 2401 inter
910 2356 987 2401 se
1015 2337 1411 2400 commercia:
1447 2339 1708 2400 flectere
1723 2347 1897 2400 tenta

496 2446 847 2506 Caesareum
874 2462 1105 2506 numen
1136 2443 1414 2517 numine,
1454 2444 1722 2519 Bacche,
1759 2454 1894 2506 tuo.

411 2554 545 2614 Vos
575 2568 845 2629 quoque,
878 2560 1213 2614 consortes
1242 2548 1450 2624 studii,
1483 2549 1583 2629 pia
1605 2551 1820 2626 -turba,
1856 2561 2080 2630 poetae,

498 2661 641 2723 Haec
670 2661 884 2723 eadem
915 2672 1163 2740 sumpto
1194 2659 1459 2738 quisque
1484 2670 1702 2739 rogate
1737 2677 1932 2722 mero.

410 2768 610 2845 Atque
633 2765 852 2845 aliquis
878 2777 1178 2839 vestrum,
1214 2765 1484 2828 Nasonis
1510 2765 1763 2827 nomine
1793 2766 1984 2839 dicto,

506 2873 784 2950 Deponat
808 2871 1099 2948 lacrymis
1127 2871 1354 2948 pocula
1385 2869 1566 2931 mista
1596 2869 1748 2932 suis:

419 2979 909 3054 Admonitusque
937 2977 1081 3050 mei,
1112 2995 1303 3054 quum
1328 2977 1839 3054 circumspexerit
1867 2993 2108 3051 omnes,

460 3071 466 3076 ’
515 3083 705 3156 Dicat,
739 3083 853 3144 Ubi
882 3093 978 3144 est
1004 3083 1205 3143 nostri
1230 3099 1379 3159 pars
1414 3084 1599 3144 modo
1627 3085 1787 3146 Naso
1816 3083 2023 3144 chori?

422 3193 613 3268 quue
638 3189 743 3264 ita,
772 3189 824 3250 si
850 3199 1123 3250 vestrum
1154 3187 1353 3248 merui
1384 3188 1663 3248 candore
1693 3189 1988 3260 favorem,

509 3301 805 3376 Nullaque
825 3297 1061 3375 jndicio
1090 3297 1266 3358 litera
1296 3298 1449 3358 laesa
1482 3311 1623 3357 meo
1650 3305 1768 3368 esu

442 3408 524 3479 Si,
550 3417 827 3467 veterum
854 3403 1039 3482 digne
1065 3419 1329 3465 veneror
1356 3419 1549 3481 quum
1577 3403 1810 3482 scripta
1837 3391 2130 3479 virorum,

519 3509 801 3573 Proxima
836 3525 961 3570 non
994 3508 1113 3570 illis
1143 3524 1285 3570 esse
1320 3508 1561 3569 minora
1590 3525 1762 3570 reo-r.

439 3617 538 3680 Sic
566 3615 752 3695 igitur
776 3616 999 3677 dextro
1028 3613 1265 3678 faciatis
1298 3611 1583 3691 Apolline
1602 3627 1888 3688 carmen,

526 3725 699 3796 Quod
732 3722 899 3798 licet,
930 3721 1091 3784 inter
1114 3739 1223 3787 vos
1250 3737 1477 3786 nomen
1507 3723 1732 3788 habete
1769 3739 1998 3789 meum.
