3334 5175
1248 429 1487 486 &91-

344 554 461 617 Nec
490 554 737 632 quaesita
762 565 965 615 tamen
996 553 1194 631 spatio
1224 555 1516 633 patientia
1548 558 1737 634 longo
1766 568 1882 629 est,

422 664 706 741 Mensque
734 662 869 725 mali
902 679 1153 723 sensum
1199 674 1413 725 nostra
1449 664 1721 725 recentis
1753 667 1955 726 habet.

342 772 578 834 Scilicet
602 784 662 835 et
690 784 925 837 veteres
954 772 1192 850 fugiunt
1210 772 1360 850 juga
1389 790 1575 835 curva
1599 774 1871 851 juvenci,

420 880 491 940 Et
518 879 783 940 domitus
811 879 1004 939 fraeno
1034 896 1201 957 saepe
1231 890 1532 958 repugnat
1562 897 1782 957 equus.

342 988 588 1051 Tristior
616 1000 709 1050 est
737 989 919 1050 etiam
949 1006 1223 1067 praesens
1249 1006 1527 1054 aerumna
1558 990 1796 1067 priore:

421 1096 494 1157 Ut
521 1097 597 1157 sit
624 1097 785 1157 enim
811 1095 925 1157 sibi
953 1113 1086 1175 par,
1119 1097 1331 1168 crevit,
1364 1107 1426 1157 et
1454 1107 1631 1157 aucta
1656 1112 1832 1157 mora
1865 1107 1980 1157 est.

338 1202 454 1263 Nee
489 1213 611 1265 tam
638 1214 783 1264 nota
816 1202 983 1275 mihi,
1018 1220 1199 1280 quam
1229 1214 1393 1276 sunt,
1419 1204 1574 1263 mala
1608 1213 1822 1264 nostra
1856 1204 2130 1263 fuerunt:

420 1318 535 1378 Sed
564 1318 757 1397 magis
777 1319 934 1391 haec,
968 1336 1091 1395 quo
1118 1329 1263 1380 sunt
1291 1317 1699 1395 congnitiora‚
1733 1330 2015 1395 gravant.

337 1424 440 1484 Est
467 1442 715 1501 quoque
742 1442 867 1484 non
896 1423 1212 1483 minimum
1246 1423 1405 1482 vires
1430 1422 1674 1483 adferre
1700 1432 2009 1494 receuteS,

416 1532 535 1591 Nec
568 1540 1135 1608 praeconsumptum
1164 1528 1463 1605 temporis
1486 1546 1623 1589 esse
1646 1529 1843 1590 maliS.

335 1636 575 1698 Fortior
602 1637 663 1696 in
694 1636 855 1696 fulva
883 1653 1078 1696 novus
1108 1646 1201 1697 est
1230 1637 1497 1696 luctator
1524 1652 1737 1710 arena,

416 1744 608 1814 Quam
636 1742 733 1803 cui
764 1752 905 1802 sunt
936 1742 1107 1802 tarda
1134 1740 1383 1801 brachia
1415 1741 1575 1802 fessa
1606 1758 1802 1803 mora.

332 1853 577 1929 Integer
606 1862 699 1913 est
726 1850 941 1911 melior
970 1849 1174 1912 nitidis
1203 1850 1506 1929 gladiator
1534 1850 1596 1911 in
1626 1852 1839 1926 armis,

416 1938 734 2031 Quam'cui
764 1960 882 2021 tela
911 1977 1024 2020 suo
1054 1958 1351 2037 sanguine
1384 1958 1572 2021 tincta
1605 1960 1859 2021 rubent.

334 2066 471 2127 Fert
498 2068 658 2127 bene
684 2065 1033 2145 praccipites
1062 2063 1231 2126 navis
1269 2066 1455 2126 modo
1484 2064 1646 2126 facta
1675 2067 2012 2143 procellas:

416 2172 759 2245 Quamlibet
791 2172 1015 2249 exiguo
1044 2170 1301 2232 solvitur
1329 2170 1526 2230 imbre
1555 2180 1756 2231 vetus.

335 2279 455 2340 Nos
484 2295 754 2358 quoque,
788 2294 927 2353 quae
956 2275 1231 2347 ferimus,
1264 2274 1515 2336 tulimus
1544 2275 1878 2353 patientius
1907 2288 2075 2345 ante,

418 2388 491 2447 Et
522 2386 681 2445 mala
710 2394 853 2444 sunt
880 2384 1068 2460 longo
1108 2380 1511 2458 multiplicata
1547 2380 1667 2442 die.

339 2492 605 2565 Credite,
638 2490 879 2564 defici0‚
913 2500 1253 2567 nostroque
1280 2506 1316 2551 a
1345 2507 1611 2567 corpore
1645 2501 1946 2568 quantum

422 2605 732 2682 Auguror,
765 2605 1063 2666 accedent
1100 2614 1379 2682 tempora
1406 2620 1593 2682 parva
1626 2603 1823 2682 malis:

338 2713 487 2772 Nam
519 2729 719 2789 neque
750 2724 893 2774 sunt
921 2712 1106 2786 vireS,
1137 2729 1339 2790 neque
1368 2712 1473 2790 qui
1504 2713 1680 2774 color
1705 2724 1849 2775 ante
1878 2715 2142 2788 solebat3

418 2821 534 2881 Vix
562 2822 759 2882 haheo
789 2831 1039 2882 tenuem
1068 2837 1209 2897 quae
1238 2829 1406 2898 tegat
1434 2837 1577 2880 ossa
1607 2831 1838 2882 cutem.

340 2927 613 3005 Corpore
642 2927 752 2986 sed
772 2942 947 2985 mens
974 2935 1071 3002 est
1099 2941 1269 3002 aegro
1298 2924 1491 3003 magis
1520 2942 1712 3004 aegra,
1749 2926 2016 3004 malique

430 3035 499 3093 In
530 3031 985 3107 circumspectu
1014 3041 1135 3090 stat
1164 3030 1295 3090 sine
1324 3031 1444 3090 fine
1474 3032 1590 3092 sui.

340 3138 521 3202 Urbis
550 3137 725 3196 abest
753 3135 959 3205 facies3
993 3135 1239 3206 absunt,
1272 3150 1407 3194 mea
1436 3151 1608 3208 cura,
1650 3138 1920 3198 sodales:

422 3247 519 3317 Et,
554 3259 674 3319 qua
705 3241 871 3301 nulla
901 3238 1047 3299 mihi
1076 3237 1299 3314 carior,
1334 3255 1493 3300 uxor
1520 3239 1722 3300 abest.

334 3354 569 3430 Vulgus
603 3352 777 3412 adest
803 3348 1175 3427 Scythicum,
1208 3349 1619 3425 braccataque
1650 3350 1831 3412 turba
1861 3350 2172 3413 Getarum:

430 3458 530 3517 Sic
557 3458 736 3529 male,
772 3471 911 3532 quae
940 3455 1143 3527 video,
1176 3471 1302 3514 non
1342 3454 1674 3531 videoque,
1709 3468 1961 3518 nocent.

340 3576 473 3636 Una
505 3583 710 3632 tamen
740 3588 882 3650 spes
912 3580 1030 3643 est,
1070 3587 1209 3647 quae
1239 3585 1337 3630 me
1368 3570 1605 3630 soletur
1640 3569 1704 3628 in
1727 3569 1880 3644 istis;

429 3680 572 3739 Haec
602 3679 734 3741 fore
766 3687 965 3740 morte
994 3693 1128 3739 mea
1167 3693 1290 3738 non
1324 3676 1611 3740 diuturna
1646 3677 1823 3739 mala.
