3334 5175
1799 335 2082 397 -1'02-

910 462 1084 536 Quod
1108 480 1335 542 querat·
1360 460 1463 525 illa
1490 462 1636 524 mihi
1662 464 1854 542 pleno
1883 464 1962 525 de
1989 463 2160 525 fonte
2185 461 2531 526 minim-att

992 570 1115 631 Nee
1142 586 1277 631 mea
1304 580 1470 645 sunt,
1504 568 1606 631 sati
1638 570 1828 633 verba
1863 570 1974 632 sed
2001 569 2117 631 ista
2161 568 2303 631 mei.

912 679 987 741 At
1013 678 1160 740 mihi
1186 678 1237 741 si
1267 696 1409 741 cara
1435 679 1696 758 patriam
1724 696 1868 741 cum
1898 680 2168 759 conjunge
2197 680 2450 753 reddam,

996 785 1129 848 Sint
1153 787 1357 847 vultus
1385 786 1631 858 hilares,
1664 785 1906 864 simque
1931 788 2100 864 quod
2141 796 2290 848 ante
2317 786 2426 846 fui.

912 895 1132 957 Lenior
1158 895 1363 957 invicti
1392 896 1441 957 si
1472 896 1549 957 sit
1578 895 1726 957 mihi
1754 896 2012 959 Caesaris
2043 896 2167 969 ira,

996 1004 1273 1065 Car-mina
1290 1003 1520 1065 laetitiae
1536 1006 1665 1081 jam
1693 1005 1808 1067 tibi
1837 1006 2020 1083 plena
2053 1005 2251 1067 dabo.-

914 1110 1035 1170 Nec
1064 1120 1267 1171 tamen
1294 1120 1363 1171 ut
1389 1110 1555 1183 lusit,
1588 1128 1808 1173 rursus
1835 1128 1973 1173 mea
2001 1111 2182 1173 litera
2205 1112 2406 1173 ludet:

1000 1216 1087 1278 Sit
1114 1218 1301 1278 semel
1330 1218 1430 1278 illa
1458 1234 1599 1279 meo
1626 1217 1932 1279 luxuriata
1961 1219 2152 1279 mala.

916 1324 1091 1395 Quod
1114 1324 1337 1401 probet
1364 1322 1496 1401 ipse
1536 1338 1774 1383 canam:
1805 1339 2012 1401 poenae
2039 1324 2226 1385 modo
2246 1332 2424 1401 parte
2456 1324 2684 1397 levata,

994 1430 1365 1504 Barbariem,
1396 1430 1630 1509 rigidos
1656 1429 2079 1508 effugiamque
2094 1430 2308 1491 Getas,

916 1539 1153 1600 Interea
1179 1537 1375 1598 nostri
1403 1538 1551 1615 quid
1577 1547 1763 1615 agant
1781 1535 1898 1598 nisi
1925 1535 2109 1598 triste
2129 1535 2354 1598 libelli?

998 1645 1165 1707 Tibia
1183 1644 1501 1707 funeribus
1530 1643 1816 1705 convenit
1843 1643 1959 1704 ista
1985 1642 2169 1705 meis.

921 1752 995 1814 At
1020 1762 1291 1831 poteras,
1320 1750 1545 1828 inquiS,
1574 1749 1792 1811 melius
1819 1751 1976 1811 mala
1997 1750 2163 1812 ferre
2191 1750 2459 1824 silendo,

1005 1860 1079 1919 Et
1100 1858 1317 1919 tacitus
1338 1874 1519 1919 casus
1546 1856 1932 1919 dissimulare
1959 1866 2133 1921 tuos.

922 1965 1126 2045 Exigis
1156 1976 1223 2027 ut
1249 1964 1400 2026 nulli
1426 1965 1691 2045 gemitus
1717 1976 2026 2027 tormenta
2057 1975 2427 2043 sequantur,

1006 2074 1399 2153 Acceptoque
1425 2074 1594 2152 gravi
1634 2075 1890 2135 vulnere
1921 2074 2082 2135 flere·
2103 2085 2298 2137 vetas.

926 2186 1063 2263 Ipse
1099 2185 1355 2246 Perilleo
1385 2183 1652 2246 Phalaris
1682 2183 2002 2262 permissit
2029 2183 2094 2244 in
2121 2200 2248 2245 aere

1003 2293 1199 2354 Edere
1228 2291 1518 2371 mugitus,
1552 2300 1614 2352 et
1641 2290 1816 2353 bovis
1845 2308 1955 2353 ore
1983 2290 2180 2368 queri.

930 2402 1127 2472 Quum
1154 2398 1375 2459 Priami
1407 2397 1693 2475 lacrymis
1731 2397 2008 2459 offensus
2039 2412 2166 2457 non
2193 2396 2272 2457 sit
2294 2395 2600 2469 Achillesr

1018 2507 1107 2565 Tu
1128 2506 1305 2565 fletus
1334 2504 1571 2565 inhibes
1600 2503 1817 2565 durior
1849 2504 2030 2564 hoste
2058 2518 2258 2563 meos.

930 2615 1131 2684 Quum
1150 2612 1379 2671 faceret
1405 2611 1635 2670 Nloben
1669 2610 1888 2671 orbam
1919 2608 2169 2670 Latonia
2199 2611 2436 2686 proleS,

1007 2721 1144 2780 Non
1168 2729 1371 2780 tamen
1424 2728 1486 2780 et
1506 2717 1734 2780 siccam
1755 2715 1940 2795 jussit
1966 2715 2196 2776 habere
2215 2735 2432 2796 genas.

928 2826 1034 2888 Est
1060 2826 1287 2903 aliquid
1316 2825 1495 2886 fatale
1524 2826 1752 2885 malum
1780 2841 1893 2902 per
1919 2823 2107 2884 verba
2130 2823 2363 2886 levari:

1008 2933 1135 2994 Hoc
1164 2932 1485 3008 querulam
1514 2933 1793 2994 Procnen
1822 2931 2298 3008 Halcyonenque
2327 2933 2501 2996 facit,

932 3039 1059 3099 Hoc
1080 3049 1234 3111 erat,
1268 3038 1329 3099 in
1359 3039 1562 3118 gelido
1588 3055 1780 3117 quare
1809 3037 2116 3100 Paeantius
2147 3049 2358 3114 antro,

1014 3148 1180 3208 Voce
1207 3147 1487 3226 fatigaret
1515 3147 1764 3209 Lemnia
1801 3164 1950 3210 saxa
1985 3163 2120 3210 sua.

940 3258 1291 3335 strangulat
1320 3256 1595 3318 inclusus
1624 3257 1828 3330 dolor,
1861 3267 2046 3333 atque
2073 3265 2376 3318 exaestuat
2404 3255 2598 3318 intus:

1016 3362 1269 3441 Cogitur
1298 3372 1361 3423 et
1387 3360 1549 3422 vires
1576 3360 1990 3438 multiplicare
2021 3377 2186 3422 suaS.

935 3470 1021 3528 Da
1048 3468 1286 3529 veniam
1307 3467 1535 3545 potius:
1567 3469 1665 3530 vel
1697 3479 1862 3532 totos
1887 3470 2036 3532 tolle
2063 3471 2328 3544 libellos,

968 3560 971 3564 ’
1020 3575 1147 3634 Hoc
1176 3574 1321 3634 mihi
1350 3576 1517 3652 quod
1544 3577 1826 3655 prodest,
1859 3576 1910 3638 si
1941 3577 2072 3650 tibi,
2106 3578 2324 3650 lector,
2359 3579 2564 3638 obest.

941 3681 1059 3745 Sed
1088 3698 1202 3742 nec
1233 3681 1452 3743 obesse
1481 3692 1688 3760 potest
1715 3682 1845 3744 ulli:
1881 3699 1995 3746 nec
2034 3683 2270 3764 scripta·
2297 3683 2548 3746 fuerunt
