3334 5175
1307 377 1468 437 -59
1485 406 1550 419 ...

468 513 557 573 Ad
587 510 1072 586 delinquendum
1099 508 1348 571 doctior
1373 524 1514 571 esse
1549 520 1776 589 potest.

377 620 826 695 Quodcumque
853 616 1122 696 attigerit
1149 616 1222 693 (si
1249 632 1370 694 qua
1397 628 1496 679 est
1519 617 1795 681 studiosa
1822 618 2079 695 sinistri)

466 724 557 787 Ad
585 722 802 786 vitium
831 739 1038 785 mores
1065 722 1331 785 instruet
1385 722 1530 785 inde
1562 741 1735 786 suos.

380 830 728 909 Sumpserit
753 828 1044 902 Annales,
1078 828 1228 890 nihii
1257 838 1354 891 est
1385 827 1683 892 hirsutius
1708 828 1852 903 iuis,

474 940 653 1000 Facta
682 936 762 999 sit
787 938 956 1000 unde
983 954 1208 1015 parens
1235 936 1342 999 Ilia
1371 954 1594 1017 nempe
1620 939 1806 1017 leget.

384 1045 755 1125 sumpserit,
789 1046 1130 1107 AEneadum
1157 1044 1423 1125 genitrix
1447 1044 1554 1107 ubi
1579 1046 1799 1124 prima3
1830 1046 2131 1125 requiret,

479 1152 817 1213 AEneadum
845 1150 1116 1230 genitrix
1141 1152 1308 1213 unde
1335 1150 1416 1213 sit
1443 1152 1604 1213 alma
1628 1152 1857 1215 Venus.

395 1259 734 1335 Persequar
761 1256 1039 1332 inferius,
1070 1258 1258 1319 modo
1283 1257 1336 1319 si
1363 1257 1508 1321 licet
1535 1257 1755 1321 ordine
1782 1258 1953 1333 ferri,

475 1367 668 1427 Posse
689 1379 920 1427 nocere
945 1362 1166 1425 animis
1193 1364 1482 1427 carminis
1511 1381 1695 1427 omne
1720 1382 1942 1444 genus.

304 1416 384 1557 ss
403 1471 536 1533 Non
565 1480 770 1532 tamen
799 1467 1031 1533 idcirco
1059 1470 1293 1533 crimen
1321 1470 1478 1533 liber
1505 1468 1709 1533 omnis
1736 1471 2005 1545 habebit;

475 1575 568 1637 Nil
595 1576 871 1655 prodest,
901 1577 1072 1654 quod
1099 1594 1224 1638 non
1253 1577 1482 1639 laedere
1509 1576 1710 1657 possit
1737 1575 1923 1639 idem.

400 1685 550 1762 igne
577 1683 724 1763 quid
751 1683 986 1747 utilius?
1013 1684 1064 1747 si
1093 1684 1232 1761 quis
1261 1695 1463 1747 tamen
1491 1700 1677 1745 urere
1702 1694 1867 1745 tecta

486 1792 832 1871 Comparat,
863 1792 1128 1855 audaces
1153 1790 1404 1855 instruit
1431 1792 1574 1871 igne
1600 1809 1840 1855 manus.

396 1898 588 1977 Eripit
617 1899 948 1973 interdum,
983 1899 1170 1961 modo
1199 1899 1304 1961 dat
1333 1897 1634 1961 medicina
1657 1898 1944 1973 salutem,

479 2009 750 2086 Quaeque
767 2009 992 2087 iuvans
1021 2019 1350 2083 monstrat,
1381 2026 1646 2087 quaeque
1674 2008 1755 2071 sit
1781 2010 1971 2073 herba
2000 2026 2259 2073 nocens.

396 2118 470 2178 Et
497 2118 682 2191 iatr0,
715 2127 778 2179 et
805 2128 1026 2179 cautus
1049 2116 1451 2197 praecingitur
1469 2134 1630 2179 ense
1655 2115 1875 2179 viator:

484 2224 592 2286 llle
617 2226 728 2287 sed
755 2224 1026 2299 insidias,
1058 2225 1158 2287 hic
1183 2224 1302 2288 sihi
1327 2235 1540 2304 portat
1561 2242 1765 2305 opem.

399 2330 663 2393 Discitur
689 2330 988 2395 innocuas
1015 2341 1086 2393 ut
1115 2342 1258 2410 agat
1283 2331 1568 2395 facundia
1593 2348 1833 2395 causas:

483 2436 752 2516 Protegit
771 2438 906 2499 haec
933 2448 1172 2512 sontes,
1203 2436 1664 2515 immeritosque
1690 2438 1935 2517 premit.

399 2544 498 2608 Sic
524 2544 710 2626 igitur
737 2563 1010 2622 carmen,
1043 2557 1213 2612 recta
1241 2545 1294 2610 si
1319 2556 1526 2610 mente
1555 2548 1819 2628 legatur,

489 2655 800 2718 Constabit
827 2655 980 2717 nulli
1008 2672 1194 2734 posse
1219 2672 1448 2718 nocere
1473 2673 1703 2718 meum,

401 2764 476 2826 At
503 2763 794 2842 quiddam
820 2763 946 2824 vitii
973 2763 1346 2842 quicumque
1373 2763 1518 2826 hinc
1545 2763 1841 2844 concipit,
1872 2777 2061 2839 errat3

485 2871 560 2932 Et
587 2869 840 2932 nimium
869 2869 1116 2948 scriptis
1141 2881 1392 2948 arrogat
1419 2870 1522 2932 ille
1549 2870 1723 2932 meis.

403 2976 482 3038 Ut
507 2986 712 3038 tamen
739 2977 858 3038 hoc
885 2975 1100 3050 fatear,
1135 2975 1264 3038 ludi
1291 2993 1540 3054 quoque
1566 2976 1803 3040 semina
1830 2978 2110 3056 praebent

480 3081 796 3159 Nequitiae:
830 3081 963 3143 tolli
987 3093 1120 3144 tota
1155 3083 1394 3144 theatra
1409 3083 1583 3159 ⁴iube,

397 3186 696 3250 Peccandi
722 3203 968 3249 causam
995 3202 1136 3264 quae
1165 3185 1372 3247 multis
1401 3203 1568 3265 saepe
1591 3187 1923 3260 dederunt,

481 3294 690 3356 Martia
719 3313 862 3357 cum
889 3295 1116 3356 durum
1145 3293 1364 3357 sternit
1391 3310 1576 3356 arena
1603 3293 1828 3356 solum.

397 3405 672 3466 'tollatur
699 3403 933 3476 Circus3
967 3422 1094 3466 non
1123 3415 1256 3466 tuta
1281 3403 1526 3466 licentia
1553 3403 1709 3466 Circi
1738 3413 1855 3466 est:

485 3514 590 3576 Hic
619 3516 792 3576 sedet
817 3513 1032 3593 ignoto
1053 3515 1272 3591 juncta
1299 3514 1504 3590 puella
1530 3513 1685 3575 viro.

404 3623 558 3682 Cum
590 3623 871 3698 quaedam
901 3619 1243 3698 spatientur
1269 3619 1332 3680 in
1361 3620 1499 3692 hac,
1531 3628 1600 3681 nt
1625 3632 1867 3683 amator
1894 3624 2107 3686 eadem

487 3729 835 3812 Conveniat,
869 3745 1059 3806 quare
1087 3727 1364 3805 porticus
1391 3728 1516 3790 ulla
1545 3729 1739 3807 patet?
