3334 5175
1293 399 1446 454 -51
1458 428 1534 441 ...-

457 530 588 591 Jam
617 530 862 590 demum
893 527 1084 588 invisa
1111 527 1313 588 Caesar
1341 528 1420 587 ab
1453 536 1586 588 arte
1611 543 1806 591 meos.

377 638 564 699 Deme
591 636 736 699 mihi
765 636 1058 709 studium,
1086 636 1227 697 vitae
1257 652 1506 713 quoque
1539 636 1795 700 crimina
1822 640 2052 712 demes,

456 743 790 819 Acceptum
811 741 1012 802 refero
1040 740 1344 815 versibuS,
1385 758 1526 803 esse
1555 758 1813 805 nocens,

376 851 504 910 Hoc
541 848 808 927 pretium
837 848 1000 922 vitae,
1032 848 1542 928 vigilatorumque
1567 850 1853 912 laborum

455 954 758 1033 Cepimus:
791 954 1038 1034 ingenio
1066 970 1253 1032 poena
1281 965 1528 1032 reperta
1564 972 1725 1018 meo.

375 1060 436 1121 Si
459 1076 760 1140 saperem,
794 1062 1011 1124 doctas
1041 1060 1310 1123 odissem
1340 1062 1484 1139 jure
1513 1064 1795 1136 SororeS,

457 1167 715 1230 Numina
744 1168 971 1230 cultori
1009 1168 1356 1247 perniciosa
1385 1187 1520 1233 suc.

379 1278 454 1338 At
481 1294 670 1350 nunc,
706 1285 1041 1368 tanta-meo
1070 1294 1281 1339 comes
1309 1289 1406 1340 est
1423 1278 1658 1341 insania
1678 1282 1912 1353 met-bc,

453 1384 610 1444 Saxa
638 1398 876 1443 memor
901 1383 1103 1444 refero
1133 1400 1350 1445 rursus
1377 1386 1455 1446 ad
1477 1384 1594 1445 ista
1622 1386 1869 1463 pedem:

371 1488 617 1550 Scilicet
649 1499 718 1550 ut
747 1488 942 1550 victus
960 1488 1185 1567 repetit
1203 1490 1502 1567 gladiator
1529 1506 1802 1565 arenam,

457 1595 531 1655 Et
556 1594 716 1656 redit
741 1594 804 1653 in
838 1595 1102 1657 tumidas
1129 1594 1422 1674 naufraga
1451 1596 1683 1675 puppis
1712 1614 1927 1675 aquas

268 1715 270 1717 ’
375 1702 674 1775 Forsitan,
707 1713 774 1764 ut
803 1705 1113 1781 quondam
1139 1705 1532 1767 Teuthrantia
1562 1723 1753 1785 regna
1788 1708 2043 1779 tenenti,

455 1808 554 1870 Sic
582 1808 730 1869 mihi
763 1826 862 1870 res
885 1810 1100 1871 eadem
1129 1811 1351 1873 vulnus
1381 1827 1689 1889 opemque
1710 1810 1890 1874 feret:

375 1916 675 1993 Musaque
710 1932 892 1994 quam
921 1918 1130 1992 movit,
1161 1929 1390 1980 motam
1421 1936 1671 1996 quoque
1696 1918 1884 1981 leniet
1906 1920 2081 1981 iram:

464 2024 736 2085 Exorant
765 2040 1026 2103 magnos
1053 2025 1324 2087 carmina
1355 2042 1522 2104 saepe
1550 2027 1724 2089 deos.

373 2130 396 2188 1
406 2146 517 2206 pse
548 2145 798 2207 quoque
827 2130 1128 2193 Ausonias
1157 2132 1358 2191 Caesar
1389 2142 1739 2209 matresque
1767 2150 2083 2209 nurusque

465 2233 740 2295 Carmina
763 2236 1084 2313 turrigerae
1111 2234 1320 2296 dicere
1345 2234 1532 2311 ,iussit
1559 2235 1690 2313 Opi.

371 2345 646 2405 ,Iusserat
667 2354 730 2404 et
769 2344 1006 2404 Phoebo
1035 2342 1178 2415 dici;
1211 2358 1336 2421 quo
1367 2354 1648 2421 tempore
1667 2345 1849 2405 ludos

455 2450 642 2524 Fecit,
677 2466 836 2527 quos
858 2459 1007 2510 aetas
1037 2448 1298 2528 adspicit
1332 2467 1452 2511 una
1474 2453 1686 2512 semel.
1798 2499 1801 2502 .

381 2556 482 2620 His
511 2574 735 2636 precor
763 2556 1060 2636 exemplis
1086 2568 1192 2619 tua
1221 2574 1408 2632 nunc,
1449 2557 1766 2622 mitissime
1793 2560 2015 2634 Caesar,

457 2665 584 2726 Fiat
611 2667 690 2727 ab
720 2665 968 2744 ingenio
999 2667 1244 2730 mollior
1273 2667 1362 2729 ira
1392 2685 1552 2730 meo.

381 2772 486 2832 llla
517 2771 763 2850 quidem
785 2773 955 2849 ,iusta
988 2784 1105 2846 est;
1131 2789 1248 2834 nec
1279 2790 1377 2834 me
1397 2775 1696 2836 meruisse
1716 2778 1977 2854 negabo:

467 2878 598 2939 Non
630 2877 786 2938 adeo
815 2889 1034 2939 nostro
1057 2877 1212 2956 fugit
1237 2880 1316 2939 ab
1341 2895 1451 2939 ore
1478 2881 1701 2957 pudor.

377 2985 518 3056 Sed,
553 2983 670 3046 nisi
697 3000 1037 3062 pecassem,
1065 2985 1212 3063 quid
1251 2997 1318 3047 tu
1349 2988 1689 3048 concedere
1718 2988 1964 3064 posses?

459 3089 772 3160 Materiam
799 3089 994 3150 veniae
1013 3108 1152 3152 sors
1175 3091 1285 3150 tibi
1315 3102 1526 3151 nostra
1547 3092 1737 3153 dedit.

377 3197 459 3270 Si,
498 3195 742 3275 quoties
776 3205 1038 3272 peccant
1066 3194 1367 3267 homiues»,
1403 3211 1514 3255 sua
1539 3195 1793 3256 fulmina
1822 3196 2023 3256 mittat

456 3305 712 3382 Jupiter,
746 3302 969 3382 exiguo
1001 3313 1279 3382 tempore
1307 3303 1559 3365 inermis
1581 3304 1720 3364 erit.

381 3412 487 3472 Hic
517 3413 621 3473 ubi
652 3413 933 3474 detonuit
963 3414 1352 3490 strepituque
1381 3415 1680 3474 exterruit
1716 3416 1951 3487 orbem,

461 3519 686 3578 Purum
716 3519 1012 3580 discussis
1041 3533 1184 3578 aera
1215 3517 1417 3577 reddit
1447 3520 1644 3594 aquis.
1924 3531 1931 3536 ·

381 3628 412 3686 J
419 3643 528 3687 ure
557 3625 740 3704 igitur
761 3625 1130 3705 genitorque
1163 3625 1345 3686 deum
1374 3637 1703 3703 rectorque
1730 3639 2005 3691 vocatur:

463 3731 608 3791 Jurc
651 3747 844 3808 capax
872 3731 1140 3793 mundus
1169 3730 1252 3790 nil
1277 3732 1424 3792 Jove
1457 3733 1654 3810 majus
1686 3735 1887 3796 habet.
